%% This BibTeX bibliography file was created using BibDesk.
%% http://bibdesk.sourceforge.net/


%% Created for Chunxiao Liu at 2021-03-21 21:24:10 +0100 


%% Saved with string encoding Unicode (UTF-8) 



@article{Maiani2021Topological,
	Author = {Maiani, A. and Seoane Souto, R. and Leijnse, M. and Flensberg, K.},
	Date-Added = {2021-03-21 20:24:01 +0000},
	Date-Modified = {2021-03-21 20:24:10 +0000},
	Doi = {10.1103/PhysRevB.103.104508},
	Issue = {10},
	Journal = {Phys. Rev. B},
	Month = {Mar},
	Numpages = {12},
	Pages = {104508},
	Publisher = {American Physical Society},
	Title = {Topological superconductivity in semiconductor--superconductor--magnetic-insulator heterostructures},
	Url = {https://link.aps.org/doi/10.1103/PhysRevB.103.104508},
	Volume = {103},
	Year = {2021},
	Bdsk-Url-1 = {https://link.aps.org/doi/10.1103/PhysRevB.103.104508},
	Bdsk-Url-2 = {http://dx.doi.org/10.1103/PhysRevB.103.104508}}

@article{Khindanov2020Topological,
	Author = {Khindanov, Aleksei and Alicea, Jason and Lee, Patrick and Cole, William S and Antipov, Andrey E},
	Date-Added = {2021-03-20 20:14:58 +0000},
	Date-Modified = {2021-03-20 20:15:26 +0000},
	Journal = {arXiv:2012.12934},
	Title = {Topological superconductivity in nanowires proximate to a diffusive superconductor-magnetic insulator bilayer},
	Url = {https://arxiv.org/abs/2012.12934},
	Year = {2020}}

@article{Langbehn2020Topological,
	Author = {Langbehn, Josias and Gonzalez, Sergio Acero and Brouwer, Piet W and von Oppen, Felix},
	Date-Added = {2021-03-20 20:08:19 +0000},
	Date-Modified = {2021-03-20 20:08:58 +0000},
	Journal = {arXiv:2012.00055},
	Title = {Topological superconductivity in tripartite superconductor-ferromagnet-semiconductor nanowires},
	Url = {https://arxiv.org/abs/2012.00055},
	Year = {2020}}

@misc{Antipov2020,
	Author = {A. Antipov},
	Date-Added = {2020-11-12 17:34:21 +0000},
	Date-Modified = {2020-11-12 17:35:04 +0000},
	Note = {private communication}}

@misc{LeviYeyati2020,
	Author = {A. Levi Yeyati and E. Prada},
	Date-Added = {2020-11-12 17:32:23 +0000},
	Date-Modified = {2020-11-12 17:54:39 +0000},
	Note = {private communication and \url{https://youtu.be/vmSYmj_vqk8?t=2669}}}

@article{Woods2020Electrostatic,
	Author = {Benjamin D. Woods and Tudor D. Stanescu},
	Date-Added = {2020-11-04 20:31:31 +0000},
	Date-Modified = {2020-11-04 20:32:46 +0000},
	Journal = {arXiv:2011.01933},
	Title = {Electrostatic effects and topological superconductivity in semiconductor-superconductor-magnetic insulator hybrid wires},
	Url = {https://arxiv.org/abs/2011.01933},
	Year = {2020},
	Bdsk-Url-1 = {https://arxiv.org/abs/2011.01933}}

@article{Vaitiekenas2020Zerobias,
	Abstract = {Hybrid quantum materials allow for quantum phases that otherwise do not exist in nature1,2. For example, a one-dimensional topological superconductor with Majorana states bound to its ends can be realized by coupling a semiconductor nanowire to a superconductor in the presence of a strong magnetic field3--5. However, the applied magnetic fields are detrimental to superconductivity, and constrain device layout, components, materials, fabrication and operation6. Early on, an alternative source of Zeeman coupling that circumvents these constraints---using a ferromagnetic insulator instead of an applied field---was proposed theoretically7. Here, we report transport measurements in hybrid nanowires using epitaxial layers of superconducting Al and the ferromagnetic insulator EuS on semiconducting InAs nanowires. We infer a remanent effective Zeeman field exceeding 1 T and observe stable zero-bias conductance peaks in bias spectroscopy at zero applied field, consistent with topological superconductivity. Hysteretic spectral features in applied magnetic field support this picture.},
	Author = {Vaitiek{\.e}nas, S. and Liu, Y. and Krogstrup, P. and Marcus, C. M.},
	Da = {2020/09/07},
	Date-Added = {2020-10-22 07:01:48 +0000},
	Date-Modified = {2020-10-22 07:02:37 +0000},
	Doi = {10.1038/s41567-020-1017-3},
	Id = {Vaitiek{\.e}nas2020},
	Isbn = {1745-2481},
	Journal = {Nature Physics},
	Title = {Zero-bias peaks at zero magnetic field in ferromagnetic hybrid nanowires},
	Ty = {JOUR},
	Url = {https://doi.org/10.1038/s41567-020-1017-3},
	Year = {2020},
	Bdsk-Url-1 = {https://doi.org/10.1038/s41567-020-1017-3},
	Bdsk-Url-2 = {http://dx.doi.org/10.1038/s41567-020-1017-3}}

@article{Armagnat2019self-consistent,
	Author = {P. Armagnat and A. Lacerda-Santos and B. Rossignol and C. Groth and X. Waintal},
	Date-Added = {2020-08-25 08:40:50 +0000},
	Date-Modified = {2020-08-25 08:41:15 +0000},
	Doi = {10.21468/SciPostPhys.7.3.031},
	Issue = {3},
	Journal = {SciPost Phys.},
	Pages = {31},
	Publisher = {SciPost},
	Title = {The self-consistent quantum-electrostatic problem in strongly non-linear regime},
	Url = {https://scipost.org/10.21468/SciPostPhys.7.3.031},
	Volume = {7},
	Year = {2019},
	Bdsk-Url-1 = {https://scipost.org/10.21468/SciPostPhys.7.3.031},
	Bdsk-Url-2 = {http://dx.doi.org/10.21468/SciPostPhys.7.3.031}}

@article{Liu2020Semiconductor,
	Annote = {doi: 10.1021/acs.nanolett.9b04187},
	Author = {Liu, Yu and Vaitiek{\.e}nas, Saulius and Mart{\'\i}-S{\'a}nchez, Sara and Koch, Christian and Hart, Sean and Cui, Zheng and Kanne, Thomas and Khan, Sabbir A. and Tanta, Rawa and Upadhyay, Shivendra and Cachaza, Martin Espi{\~n}eira and Marcus, Charles M. and Arbiol, Jordi and Moler, Kathryn A. and Krogstrup, Peter},
	Booktitle = {Nano Letters},
	Da = {2020/01/08},
	Date = {2020/01/08},
	Date-Added = {2020-08-24 10:04:12 +0000},
	Date-Modified = {2020-08-24 10:04:22 +0000},
	Doi = {10.1021/acs.nanolett.9b04187},
	Isbn = {1530-6984},
	Journal = {Nano Letters},
	Journal1 = {Nano Lett.},
	M3 = {doi: 10.1021/acs.nanolett.9b04187},
	Month = {01},
	Number = {1},
	Pages = {456--462},
	Publisher = {American Chemical Society},
	Title = {Semiconductor--Ferromagnetic Insulator--Superconductor Nanowires: Stray Field and Exchange Field},
	Ty = {JOUR},
	Url = {https://doi.org/10.1021/acs.nanolett.9b04187},
	Volume = {20},
	Year = {2020},
	Year1 = {2020},
	Bdsk-Url-1 = {https://doi.org/10.1021/acs.nanolett.9b04187},
	Bdsk-Url-2 = {http://dx.doi.org/10.1021/acs.nanolett.9b04187}}

@article{Liu2020Coherent,
	Annote = {doi: 10.1021/acsami.9b15034},
	Author = {Liu, Yu and Luchini, Alessandra and Mart{\'\i}-S{\'a}nchez, Sara and Koch, Christian and Schuwalow, Sergej and Khan, Sabbir A. and Stankevi{\v c}, Toma{\v s} and Francoual, Sonia and Mardegan, Jose R. L. and Krieger, Jonas A. and Strocov, Vladimir N. and Stahn, Jochen and Vaz, Carlos A. F. and Ramakrishnan, Mahesh and Staub, Urs and Lefmann, Kim and Aeppli, Gabriel and Arbiol, Jordi and Krogstrup, Peter},
	Date = {2020/02/19},
	Date-Added = {2020-08-21 21:02:53 +0000},
	Date-Modified = {2020-08-25 11:26:55 +0000},
	Doi = {10.1021/acsami.9b15034},
	Isbn = {1944-8244},
	Journal = {ACS Applied Materials \& Interfaces},
	Journal1 = {ACS Appl. Mater. Interfaces},
	M3 = {doi: 10.1021/acsami.9b15034},
	Month = {02},
	Number = {7},
	Pages = {8780--8787},
	Publisher = {American Chemical Society},
	Title = {Coherent Epitaxial Semiconductor--Ferromagnetic Insulator {I}n{A}s/{E}u{S} Interfaces: Band Alignment and Magnetic Structure},
	Ty = {JOUR},
	Url = {https://doi.org/10.1021/acsami.9b15034},
	Volume = {12},
	Year = {2020},
	Year1 = {2020},
	Bdsk-Url-1 = {https://doi.org/10.1021/acsami.9b15034},
	Bdsk-Url-2 = {http://dx.doi.org/10.1021/acsami.9b15034}}

@article{Schuwalow2019Band,
	Author = {Schuwalow, Sergej and Schroeter, Niels and Gukelberger, Jan and Thomas, Candice and Strocov, Vladimir and Gamble, John and Chikina, Alla and Caputo, Marco and Krieger, Jonas and Gardner, Geoffrey C and others},
	Date-Added = {2020-08-21 21:00:06 +0000},
	Date-Modified = {2020-08-21 21:00:39 +0000},
	Journal = {arXiv:1910.02735},
	Title = {Band bending profile and band offset extraction at semiconductor-metal interfaces},
	Url = {https://arxiv.org/abs/1910.02735},
	Year = {2019},
	Bdsk-Url-1 = {https://arxiv.org/abs/1910.02735}}

@article{Woods2020Subband,
	Author = {Woods, Benjamin D. and Das Sarma, Sankar and Stanescu, Tudor D.},
	Date-Added = {2020-07-20 09:50:12 +0000},
	Date-Modified = {2020-07-20 09:50:22 +0000},
	Doi = {10.1103/PhysRevB.101.045405},
	Issue = {4},
	Journal = {Phys. Rev. B},
	Month = {Jan},
	Numpages = {13},
	Pages = {045405},
	Publisher = {American Physical Society},
	Title = {Subband occupation in semiconductor-superconductor nanowires},
	Url = {https://link.aps.org/doi/10.1103/PhysRevB.101.045405},
	Volume = {101},
	Year = {2020},
	Bdsk-Url-1 = {https://link.aps.org/doi/10.1103/PhysRevB.101.045405},
	Bdsk-Url-2 = {http://dx.doi.org/10.1103/PhysRevB.101.045405}}

@article{Degtyarev2017Features,
	Abstract = {We present a study of electron gas properties in InAs nanowires determined by interaction between nanowire geometry, doping and surface states. The electron gas density and space distribution are calculated via self-consistent solution of coupled Schroedinger and Poisson equations in the nanowires with a hexagonal cross-section. We show that the density of surface states and the nanowire width define the spatial distribution of the electrons. Three configurations can be distinguished, namely the electrons are localized in the center of the wire, or they are arranged in a uniform tubular distribution, or finally in a tubular distribution with additional electron accumulation at the corners of the nanowire. The latter one is dominating for most experimentally obtained nanowires. N-type doping partly suppresses electron accumulation at the nanowire corners. The electron density calculated for both, various nanowire widths and different positions of the Fermi level at the nanowire surface, is compared with the experimental data for intrinsic InAs nanowires. Suitable agreement is obtained by assuming a Fermi level pinning at 60 to 100 meV above the conduction band edge, leading to a tubular electron distribution with accumulation along the corners of the nanowire.},
	Author = {Degtyarev, V. E. and Khazanova, S. V. and Demarina, N. V.},
	Da = {2017/06/13},
	Date-Added = {2020-07-20 09:48:39 +0000},
	Date-Modified = {2020-07-20 09:49:11 +0000},
	Doi = {10.1038/s41598-017-03415-3},
	Id = {Degtyarev2017},
	Isbn = {2045-2322},
	Journal = {Scientific Reports},
	Number = {1},
	Pages = {3411},
	Title = {Features of electron gas in {I}n{A}s nanowires imposed by interplay between nanowire geometry, doping and surface states},
	Ty = {JOUR},
	Url = {https://doi.org/10.1038/s41598-017-03415-3},
	Volume = {7},
	Year = {2017},
	Bdsk-Url-1 = {https://doi.org/10.1038/s41598-017-03415-3},
	Bdsk-Url-2 = {http://dx.doi.org/10.1038/s41598-017-03415-3}}

@article{Olsson1996Charge,
	Author = {Olsson, L. \"O. and Andersson, C. B. M. and H\aa{}kansson, M. C. and Kanski, J. and Ilver, L. and Karlsson, U. O.},
	Date-Added = {2020-07-20 09:47:20 +0000},
	Date-Modified = {2020-07-20 09:51:20 +0000},
	Doi = {10.1103/PhysRevLett.76.3626},
	Issue = {19},
	Journal = {Phys. Rev. Lett.},
	Month = {May},
	Numpages = {0},
	Pages = {3626--3629},
	Publisher = {American Physical Society},
	Title = {Charge Accumulation at {I}n{A}s Surfaces},
	Url = {https://link.aps.org/doi/10.1103/PhysRevLett.76.3626},
	Volume = {76},
	Year = {1996},
	Bdsk-Url-1 = {https://link.aps.org/doi/10.1103/PhysRevLett.76.3626},
	Bdsk-Url-2 = {http://dx.doi.org/10.1103/PhysRevLett.76.3626}}

@article{Frolov2020Topological,
	Abstract = {Topological superconductivity can emerge from the combination of conventional superconductivity in a metal and strong spin--orbit coupling in a semiconductor when they are made into a hybrid device. The most exciting manifestation of topological superconductivity is the Majorana zero modes that are predicted to exist at the ends of the proximatized nanowires. In this Perspective, we review the evidence for the existence of Majorana zero modes that has accumulated in numerous experiments and the remaining uncertainties, and discuss what additional evidence is desirable. One very important factor for future development is the quality of the interface between the superconductor and semiconductor; we sketch out where further progress in the materials science of these interfaces can take us. We then discuss the path towards applying these modes in topologically protected quantum computing and observing more exotic kinds of superconductivity based on the same materials platform, and how to make connections to high-energy physics.},
	Author = {Frolov, S. M. and Manfra, M. J. and Sau, J. D.},
	Da = {2020/07/01},
	Date-Added = {2020-07-20 08:37:36 +0000},
	Date-Modified = {2020-07-20 08:37:46 +0000},
	Doi = {10.1038/s41567-020-0925-6},
	Id = {Frolov2020},
	Isbn = {1745-2481},
	Journal = {Nature Physics},
	Number = {7},
	Pages = {718--724},
	Title = {Topological superconductivity in hybrid devices},
	Ty = {JOUR},
	Url = {https://doi.org/10.1038/s41567-020-0925-6},
	Volume = {16},
	Year = {2020},
	Bdsk-Url-1 = {https://doi.org/10.1038/s41567-020-0925-6},
	Bdsk-Url-2 = {http://dx.doi.org/10.1038/s41567-020-0925-6}}

@article{Cochran1958Superconducting,
	Author = {Cochran, John F. and Mapother, D. E.},
	Date-Added = {2020-07-11 11:09:47 +0000},
	Date-Modified = {2020-08-25 12:05:20 +0000},
	Doi = {10.1103/PhysRev.111.132},
	Issue = {1},
	Journal = {Phys. Rev.},
	Month = {Jul},
	Numpages = {0},
	Pages = {132--142},
	Publisher = {American Physical Society},
	Title = {Superconducting Transition in Aluminum},
	Url = {https://link.aps.org/doi/10.1103/PhysRev.111.132},
	Volume = {111},
	Year = {1958},
	Bdsk-Url-1 = {https://link.aps.org/doi/10.1103/PhysRev.111.132},
	Bdsk-Url-2 = {http://dx.doi.org/10.1103/PhysRev.111.132}}

@article{Gmitra2016First-principles,
	Author = {Gmitra, Martin and Fabian, Jaroslav},
	Date-Added = {2020-07-11 11:06:08 +0000},
	Date-Modified = {2020-07-20 09:53:42 +0000},
	Doi = {10.1103/PhysRevB.94.165202},
	Issue = {16},
	Journal = {Phys. Rev. B},
	Month = {Oct},
	Numpages = {10},
	Pages = {165202},
	Publisher = {American Physical Society},
	Title = {First-principles studies of orbital and spin-orbit properties of {G}a{A}s, {G}a{S}b, {I}n{A}s, and {I}n{S}b zinc-blende and wurtzite semiconductors},
	Url = {https://link.aps.org/doi/10.1103/PhysRevB.94.165202},
	Volume = {94},
	Year = {2016},
	Bdsk-Url-1 = {https://link.aps.org/doi/10.1103/PhysRevB.94.165202},
	Bdsk-Url-2 = {http://dx.doi.org/10.1103/PhysRevB.94.165202}}

@book{Winkler2003Spin,
	Author = {Winkler, R and Papadakis, S and De Poortere, E and Shayegan, M},
	Date-Added = {2020-07-11 11:04:34 +0000},
	Date-Modified = {2020-07-11 11:04:40 +0000},
	Publisher = {Springer},
	Title = {Spin-Orbit Coupling in Two-Dimensional Electron and Hole Systems},
	Volume = {41},
	Year = {2003}}

@article{Vaitiekenas2020ZeroField,
	Author = {Vaitiek{\.e}nas, S and Liu, Y and Krogstrup, P and Marcus, CM},
	Date-Added = {2020-07-08 07:22:16 +0000},
	Date-Modified = {2020-07-08 07:22:56 +0000},
	Journal = {arXiv:2004.02226},
	Title = {Zero-field Topological Superconductivity in Ferromagnetic Hybrid Nanowires},
	Url = {https://arxiv.org/abs/2004.02226},
	Year = {2020},
	Bdsk-Url-1 = {https://arxiv.org/abs/2004.02226}}

@article{Murthy2019,
	Author = {Murthy, C.M. and Kurilovich, V.D. and Kurilovich, P.D. and van Heck, B. and Glazman, L.I. and Nayak, C.},
	Journal = {arXiv:1912.04952},
	Title = {Energy spectrum and current-phase relation of a nanowire {J}osephson junction close to the topological transition},
	Year = {2019}}

@article{Winkler2019Unified,
	Author = {Winkler, Georg W. and Antipov, Andrey E. and van Heck, Bernard and Soluyanov, Alexey A. and Glazman, Leonid I. and Wimmer, Michael and Lutchyn, Roman M.},
	Date-Added = {2020-05-19 10:12:50 +0000},
	Date-Modified = {2020-05-19 10:12:59 +0000},
	Doi = {10.1103/PhysRevB.99.245408},
	Issue = {24},
	Journal = {Phys. Rev. B},
	Month = {Jun},
	Numpages = {14},
	Pages = {245408},
	Publisher = {American Physical Society},
	Title = {Unified numerical approach to topological semiconductor-superconductor heterostructures},
	Url = {https://link.aps.org/doi/10.1103/PhysRevB.99.245408},
	Volume = {99},
	Year = {2019},
	Bdsk-Url-1 = {https://link.aps.org/doi/10.1103/PhysRevB.99.245408},
	Bdsk-Url-2 = {http://dx.doi.org/10.1103/PhysRevB.99.245408}}

@article{Setiawan2017Transport,
	Author = {Setiawan, F. and Cole, William S. and Sau, Jay D. and Das Sarma, S.},
	Date-Added = {2020-05-17 09:37:43 +0000},
	Date-Modified = {2020-05-17 09:37:56 +0000},
	Doi = {10.1103/PhysRevB.95.174515},
	Issue = {17},
	Journal = {Phys. Rev. B},
	Month = {May},
	Numpages = {16},
	Pages = {174515},
	Publisher = {American Physical Society},
	Title = {Transport in superconductor--normal metal--superconductor tunneling structures: Spinful $p$-wave and spin-orbit-coupled topological wires},
	Url = {https://link.aps.org/doi/10.1103/PhysRevB.95.174515},
	Volume = {95},
	Year = {2017},
	Bdsk-Url-1 = {https://link.aps.org/doi/10.1103/PhysRevB.95.174515},
	Bdsk-Url-2 = {http://dx.doi.org/10.1103/PhysRevB.95.174515}}

@article{Marra2016Signatures,
	Author = {Marra, Pasquale and Citro, Roberta and Braggio, Alessandro},
	Date-Added = {2020-05-06 20:03:54 +0000},
	Date-Modified = {2020-05-16 18:10:46 +0000},
	Doi = {10.1103/PhysRevB.93.220507},
	Issue = {22},
	Journal = {Phys. Rev. B},
	Month = {Jun},
	Numpages = {6},
	Pages = {220507},
	Publisher = {American Physical Society},
	Title = {Signatures of topological phase transitions in {J}osephson current-phase discontinuities},
	Url = {https://link.aps.org/doi/10.1103/PhysRevB.93.220507},
	Volume = {93},
	Year = {2016},
	Bdsk-Url-1 = {https://link.aps.org/doi/10.1103/PhysRevB.93.220507},
	Bdsk-Url-2 = {http://dx.doi.org/10.1103/PhysRevB.93.220507}}

@article{Jiang2011Unconventional,
	Author = {Jiang, Liang and Pekker, David and Alicea, Jason and Refael, Gil and Oreg, Yuval and von Oppen, Felix},
	Date-Added = {2020-05-06 19:59:50 +0000},
	Date-Modified = {2020-05-16 18:08:14 +0000},
	Doi = {10.1103/PhysRevLett.107.236401},
	Issue = {23},
	Journal = {Phys. Rev. Lett.},
	Month = {Nov},
	Numpages = {5},
	Pages = {236401},
	Publisher = {American Physical Society},
	Title = {Unconventional {J}osephson Signatures of {M}ajorana Bound States},
	Url = {https://link.aps.org/doi/10.1103/PhysRevLett.107.236401},
	Volume = {107},
	Year = {2011},
	Bdsk-Url-1 = {https://link.aps.org/doi/10.1103/PhysRevLett.107.236401},
	Bdsk-Url-2 = {http://dx.doi.org/10.1103/PhysRevLett.107.236401}}

@article{Badiane2011Nonequilibrium,
	Author = {Badiane, Driss M. and Houzet, Manuel and Meyer, Julia S.},
	Date-Added = {2020-05-06 19:57:22 +0000},
	Date-Modified = {2020-05-16 18:08:39 +0000},
	Doi = {10.1103/PhysRevLett.107.177002},
	Issue = {17},
	Journal = {Phys. Rev. Lett.},
	Month = {Oct},
	Numpages = {5},
	Pages = {177002},
	Publisher = {American Physical Society},
	Title = {Nonequilibrium {J}osephson Effect through Helical Edge States},
	Url = {https://link.aps.org/doi/10.1103/PhysRevLett.107.177002},
	Volume = {107},
	Year = {2011},
	Bdsk-Url-1 = {https://link.aps.org/doi/10.1103/PhysRevLett.107.177002},
	Bdsk-Url-2 = {http://dx.doi.org/10.1103/PhysRevLett.107.177002}}

@article{Pikulin2012Phenomenology,
	Author = {Pikulin, D. I. and Nazarov, Yuli V.},
	Date-Added = {2020-05-06 19:55:28 +0000},
	Date-Modified = {2020-05-16 18:09:45 +0000},
	Doi = {10.1103/PhysRevB.86.140504},
	Issue = {14},
	Journal = {Phys. Rev. B},
	Month = {Oct},
	Numpages = {5},
	Pages = {140504},
	Publisher = {American Physical Society},
	Title = {Phenomenology and dynamics of a {M}ajorana {J}osephson junction},
	Url = {https://link.aps.org/doi/10.1103/PhysRevB.86.140504},
	Volume = {86},
	Year = {2012},
	Bdsk-Url-1 = {https://link.aps.org/doi/10.1103/PhysRevB.86.140504},
	Bdsk-Url-2 = {http://dx.doi.org/10.1103/PhysRevB.86.140504}}

@article{San-Jose2012ac,
	Author = {San-Jose, Pablo and Prada, Elsa and Aguado, Ram\'on},
	Date-Added = {2020-05-06 19:52:34 +0000},
	Date-Modified = {2020-05-16 18:09:14 +0000},
	Doi = {10.1103/PhysRevLett.108.257001},
	Issue = {25},
	Journal = {Phys. Rev. Lett.},
	Month = {Jun},
	Numpages = {5},
	Pages = {257001},
	Publisher = {American Physical Society},
	Title = {ac {J}osephson Effect in Finite-Length Nanowire Junctions with {M}ajorana Modes},
	Url = {https://link.aps.org/doi/10.1103/PhysRevLett.108.257001},
	Volume = {108},
	Year = {2012},
	Bdsk-Url-1 = {https://link.aps.org/doi/10.1103/PhysRevLett.108.257001},
	Bdsk-Url-2 = {http://dx.doi.org/10.1103/PhysRevLett.108.257001}}

@article{Cayao2017Majorana,
	Author = {Cayao, Jorge and San-Jose, Pablo and Black-Schaffer, Annica M. and Aguado, Ram\'on and Prada, Elsa},
	Date-Added = {2020-05-06 19:44:49 +0000},
	Date-Modified = {2020-05-16 18:11:40 +0000},
	Doi = {10.1103/PhysRevB.96.205425},
	Issue = {20},
	Journal = {Phys. Rev. B},
	Month = {Nov},
	Numpages = {9},
	Pages = {205425},
	Publisher = {American Physical Society},
	Title = {Majorana splitting from critical currents in {J}osephson junctions},
	Url = {https://link.aps.org/doi/10.1103/PhysRevB.96.205425},
	Volume = {96},
	Year = {2017},
	Bdsk-Url-1 = {https://link.aps.org/doi/10.1103/PhysRevB.96.205425},
	Bdsk-Url-2 = {http://dx.doi.org/10.1103/PhysRevB.96.205425}}

@article{Rasmussen2016Effects,
	Author = {Rasmussen, Asbj\o{}rn and Danon, Jeroen and Suominen, Henri and Nichele, Fabrizio and Kjaergaard, Morten and Flensberg, Karsten},
	Date-Added = {2020-05-06 19:40:08 +0000},
	Date-Modified = {2020-05-16 18:06:50 +0000},
	Doi = {10.1103/PhysRevB.93.155406},
	Issue = {15},
	Journal = {Phys. Rev. B},
	Month = {Apr},
	Numpages = {5},
	Pages = {155406},
	Publisher = {American Physical Society},
	Title = {Effects of spin-orbit coupling and spatial symmetries on the {J}osephson current in {SNS} junctions},
	Url = {https://link.aps.org/doi/10.1103/PhysRevB.93.155406},
	Volume = {93},
	Year = {2016},
	Bdsk-Url-1 = {https://link.aps.org/doi/10.1103/PhysRevB.93.155406},
	Bdsk-Url-2 = {http://dx.doi.org/10.1103/PhysRevB.93.155406}}

@article{Cayao2018Andreev,
	Author = {Jorge Cayao and Annica M. Black-Schaffer and Elsa Prada and Ram{\'o}n Aguado},
	Copyright = {Cayao et al.; licensee Beilstein-Institut.},
	Date-Added = {2020-05-06 19:34:50 +0000},
	Date-Modified = {2020-05-06 19:34:57 +0000},
	Doi = {10.3762/bjnano.9.127},
	Issn = {2190-4286},
	Journal = {Beilstein Journal of Nanotechnology},
	Pages = {1339-1357},
	Title = {Andreev spectrum and supercurrents in nanowire-based SNS junctions containing Majorana bound states},
	Volume = {9},
	Year = {2018},
	Bdsk-Url-1 = {http://dx.doi.org/10.3762/bjnano.9.127}}

@article{Ambegaokar1963Tunneling,
	Author = {Ambegaokar, Vinay and Baratoff, Alexis},
	Date-Added = {2020-04-30 15:37:35 +0000},
	Date-Modified = {2020-04-30 15:37:48 +0000},
	Doi = {10.1103/PhysRevLett.10.486},
	Issue = {11},
	Journal = {Phys. Rev. Lett.},
	Month = {Jun},
	Numpages = {0},
	Pages = {486--489},
	Publisher = {American Physical Society},
	Title = {Tunneling Between Superconductors},
	Url = {https://link.aps.org/doi/10.1103/PhysRevLett.10.486},
	Volume = {10},
	Year = {1963},
	Bdsk-Url-1 = {https://link.aps.org/doi/10.1103/PhysRevLett.10.486},
	Bdsk-Url-2 = {http://dx.doi.org/10.1103/PhysRevLett.10.486}}

@article{Liu2019Conductance,
	Author = {Liu, Chun-Xiao and Sau, Jay D. and Stanescu, Tudor D. and Das Sarma, S.},
	Date-Added = {2020-04-18 09:27:00 +0000},
	Date-Modified = {2020-05-16 14:37:24 +0000},
	Doi = {10.1103/PhysRevB.99.024510},
	Issue = {2},
	Journal = {Phys. Rev. B},
	Month = {Jan},
	Numpages = {17},
	Pages = {024510},
	Publisher = {American Physical Society},
	Title = {Conductance smearing and anisotropic suppression of induced superconductivity in a {M}ajorana nanowire},
	Url = {https://link.aps.org/doi/10.1103/PhysRevB.99.024510},
	Volume = {99},
	Year = {2019},
	Bdsk-Url-1 = {https://link.aps.org/doi/10.1103/PhysRevB.99.024510},
	Bdsk-Url-2 = {http://dx.doi.org/10.1103/PhysRevB.99.024510}}

@article{Bommer2019SpinOrbit,
	Author = {Bommer, Jouri D. S. and Zhang, Hao and G\"ul, \"Onder and Nijholt, Bas and Wimmer, Michael and Rybakov, Filipp N. and Garaud, Julien and Rodic, Donjan and Babaev, Egor and Troyer, Matthias and Car, Diana and Plissard, S\'ebastien R. and Bakkers, Erik P. A. M. and Watanabe, Kenji and Taniguchi, Takashi and Kouwenhoven, Leo P.},
	Date-Added = {2020-04-18 09:25:16 +0000},
	Date-Modified = {2020-05-16 18:07:22 +0000},
	Doi = {10.1103/PhysRevLett.122.187702},
	Issue = {18},
	Journal = {Phys. Rev. Lett.},
	Month = {May},
	Numpages = {7},
	Pages = {187702},
	Publisher = {American Physical Society},
	Title = {Spin-Orbit Protection of Induced Superconductivity in {M}ajorana Nanowires},
	Url = {https://link.aps.org/doi/10.1103/PhysRevLett.122.187702},
	Volume = {122},
	Year = {2019},
	Bdsk-Url-1 = {https://link.aps.org/doi/10.1103/PhysRevLett.122.187702},
	Bdsk-Url-2 = {http://dx.doi.org/10.1103/PhysRevLett.122.187702}}

@article{Nijholt2016Orbital,
	Author = {Nijholt, Bas and Akhmerov, Anton R.},
	Date-Added = {2020-04-18 08:49:20 +0000},
	Date-Modified = {2020-05-16 18:14:16 +0000},
	Doi = {10.1103/PhysRevB.93.235434},
	Issue = {23},
	Journal = {Phys. Rev. B},
	Month = {Jun},
	Numpages = {6},
	Pages = {235434},
	Publisher = {American Physical Society},
	Title = {Orbital effect of magnetic field on the {M}ajorana phase diagram},
	Url = {https://link.aps.org/doi/10.1103/PhysRevB.93.235434},
	Volume = {93},
	Year = {2016},
	Bdsk-Url-1 = {https://link.aps.org/doi/10.1103/PhysRevB.93.235434},
	Bdsk-Url-2 = {http://dx.doi.org/10.1103/PhysRevB.93.235434}}

@article{Moore2018Quantized,
	Author = {Moore, Christopher and Zeng, Chuanchang and Stanescu, Tudor D. and Tewari, Sumanta},
	Date-Added = {2020-04-18 08:41:42 +0000},
	Date-Modified = {2020-04-18 08:41:47 +0000},
	Doi = {10.1103/PhysRevB.98.155314},
	Issue = {15},
	Journal = {Phys. Rev. B},
	Month = {Oct},
	Numpages = {6},
	Pages = {155314},
	Publisher = {American Physical Society},
	Title = {Quantized zero-bias conductance plateau in semiconductor-superconductor heterostructures without topological Majorana zero modes},
	Url = {https://link.aps.org/doi/10.1103/PhysRevB.98.155314},
	Volume = {98},
	Year = {2018},
	Bdsk-Url-1 = {https://link.aps.org/doi/10.1103/PhysRevB.98.155314},
	Bdsk-Url-2 = {http://dx.doi.org/10.1103/PhysRevB.98.155314}}

@article{Vuik2019Reproducing,
	Author = {A. Vuik and B. Nijholt and A. R. Akhmerov and M. Wimmer},
	Date-Added = {2020-04-18 08:28:58 +0000},
	Date-Modified = {2020-05-16 18:12:41 +0000},
	Doi = {10.21468/SciPostPhys.7.5.061},
	Issue = {5},
	Journal = {SciPost Phys.},
	Pages = {61},
	Publisher = {SciPost},
	Title = {Reproducing topological properties with quasi-{M}ajorana states},
	Url = {https://scipost.org/10.21468/SciPostPhys.7.5.061},
	Volume = {7},
	Year = {2019},
	Bdsk-Url-1 = {https://scipost.org/10.21468/SciPostPhys.7.5.061},
	Bdsk-Url-2 = {http://dx.doi.org/10.21468/SciPostPhys.7.5.061}}

@article{Arno2019Observation,
	Author = {Arno Bargerbos, Willemijn Uilhoorn, Chung-Kai Yang, Peter Krogstrup, Leo P. Kouwenhoven, Gijs de Lange, Bernard van Heck, Angela Kou},
	Date-Added = {2020-04-05 14:55:07 +0000},
	Date-Modified = {2020-04-05 14:56:29 +0000},
	Journal = {arXiv:1911.10010},
	Title = {Observation of vanishing charge dispersion of a nearly-open superconducting island},
	Url = {https://arxiv.org/abs/1911.10010},
	Year = {2019},
	Bdsk-Url-1 = {https://arxiv.org/abs/1911.10010}}

@article{Kringhoj2019Suppressed,
	Author = {Kringh{\o}j, A and van Heck, B and Larsen, TW and Erlandsson, O and Sabonis, D and Krogstrup, P and Casparis, L and Petersson, KD and Marcus, CM},
	Date-Added = {2020-04-05 14:52:29 +0000},
	Date-Modified = {2020-04-05 14:52:52 +0000},
	Journal = {arXiv:1911.10011},
	Title = {Suppressed Charge Dispersion via Resonant Tunneling in a Single-Channel Transmon},
	Url = {https://arxiv.org/abs/1911.10011},
	Year = {2019},
	Bdsk-Url-1 = {https://arxiv.org/abs/1911.10011}}

@article{Pita2019Gate,
	Author = {Pita-Vidal, Marta and Bargerbos, Arno and Yang, Chung-Kai and van Woerkom, David J and Pfaff, Wolfgang and Haider, Nadia and Krogstrup, Peter and Kouwenhoven, Leo P and De Lange, Gijs and Kou, Angela},
	Date-Added = {2020-04-05 12:39:08 +0000},
	Date-Modified = {2020-04-05 12:39:49 +0000},
	Journal = {arXiv:1910.07978},
	Title = {A gate-tunable, field-compatible fluxonium},
	Url = {https://arxiv.org/abs/1910.07978},
	Year = {2019},
	Bdsk-Url-1 = {https://arxiv.org/abs/1910.07978}}

@article{Larsen2015Semiconductor,
	Author = {Larsen, T. W. and Petersson, K. D. and Kuemmeth, F. and Jespersen, T. S. and Krogstrup, P. and Nyg\aa{}rd, J. and Marcus, C. M.},
	Date-Added = {2020-04-05 12:31:52 +0000},
	Date-Modified = {2020-04-05 12:32:00 +0000},
	Doi = {10.1103/PhysRevLett.115.127001},
	Issue = {12},
	Journal = {Phys. Rev. Lett.},
	Month = {Sep},
	Numpages = {5},
	Pages = {127001},
	Publisher = {American Physical Society},
	Title = {Semiconductor-Nanowire-Based Superconducting Qubit},
	Url = {https://link.aps.org/doi/10.1103/PhysRevLett.115.127001},
	Volume = {115},
	Year = {2015},
	Bdsk-Url-1 = {https://link.aps.org/doi/10.1103/PhysRevLett.115.127001},
	Bdsk-Url-2 = {http://dx.doi.org/10.1103/PhysRevLett.115.127001}}

@article{Nesterov2016Anomalous,
	Author = {Nesterov, Konstantin N. and Houzet, Manuel and Meyer, Julia S.},
	Date-Added = {2020-04-05 12:04:30 +0000},
	Date-Modified = {2020-05-16 18:10:16 +0000},
	Doi = {10.1103/PhysRevB.93.174502},
	Issue = {17},
	Journal = {Phys. Rev. B},
	Month = {May},
	Numpages = {9},
	Pages = {174502},
	Publisher = {American Physical Society},
	Title = {Anomalous {J}osephson effect in semiconducting nanowires as a signature of the topologically nontrivial phase},
	Url = {https://link.aps.org/doi/10.1103/PhysRevB.93.174502},
	Volume = {93},
	Year = {2016},
	Bdsk-Url-1 = {https://link.aps.org/doi/10.1103/PhysRevB.93.174502},
	Bdsk-Url-2 = {http://dx.doi.org/10.1103/PhysRevB.93.174502}}

@article{Dolcini2015Topological,
	Author = {Dolcini, Fabrizio and Houzet, Manuel and Meyer, Julia S.},
	Date-Added = {2020-04-05 11:59:58 +0000},
	Date-Modified = {2020-04-05 12:00:08 +0000},
	Doi = {10.1103/PhysRevB.92.035428},
	Issue = {3},
	Journal = {Phys. Rev. B},
	Month = {Jul},
	Numpages = {7},
	Pages = {035428},
	Publisher = {American Physical Society},
	Title = {Topological Josephson ${\ensuremath{\phi}}_{0}$ junctions},
	Url = {https://link.aps.org/doi/10.1103/PhysRevB.92.035428},
	Volume = {92},
	Year = {2015},
	Bdsk-Url-1 = {https://link.aps.org/doi/10.1103/PhysRevB.92.035428},
	Bdsk-Url-2 = {http://dx.doi.org/10.1103/PhysRevB.92.035428}}

@article{SanJose2014Mapping,
	Author = {San-Jose, Pablo and Prada, Elsa and Aguado, Ram\'on},
	Date-Added = {2020-04-05 11:55:44 +0000},
	Date-Modified = {2020-04-05 11:55:56 +0000},
	Doi = {10.1103/PhysRevLett.112.137001},
	Issue = {13},
	Journal = {Phys. Rev. Lett.},
	Month = {Apr},
	Numpages = {5},
	Pages = {137001},
	Publisher = {American Physical Society},
	Title = {Mapping the Topological Phase Diagram of Multiband Semiconductors with Supercurrents},
	Url = {https://link.aps.org/doi/10.1103/PhysRevLett.112.137001},
	Volume = {112},
	Year = {2014},
	Bdsk-Url-1 = {https://link.aps.org/doi/10.1103/PhysRevLett.112.137001},
	Bdsk-Url-2 = {http://dx.doi.org/10.1103/PhysRevLett.112.137001}}

@article{Schuray2018Influence,
	Author = {Schuray, Alexander and Yeyati, Alfredo Levy and Recher, Patrik},
	Date-Added = {2020-04-05 08:05:44 +0000},
	Date-Modified = {2020-05-16 18:03:58 +0000},
	Doi = {10.1103/PhysRevB.98.235301},
	Issue = {23},
	Journal = {Phys. Rev. B},
	Month = {Dec},
	Numpages = {8},
	Pages = {235301},
	Publisher = {American Physical Society},
	Title = {Influence of the {M}ajorana nonlocality on the supercurrent},
	Url = {https://link.aps.org/doi/10.1103/PhysRevB.98.235301},
	Volume = {98},
	Year = {2018},
	Bdsk-Url-1 = {https://link.aps.org/doi/10.1103/PhysRevB.98.235301},
	Bdsk-Url-2 = {http://dx.doi.org/10.1103/PhysRevB.98.235301}}

@article{Schrade2018Andreev,
	Author = {Schrade, Constantin and Fu, Liang},
	Date-Added = {2020-04-04 20:25:33 +0000},
	Date-Modified = {2020-05-16 18:04:36 +0000},
	Journal = {arXiv:1809.06370},
	Title = {Andreev or {M}ajorana, {C}ooper finds out},
	Year = {2018}}

@article{Cayao2018Finite,
	Abstract = {We numerically analyze the effect of finite length of the superconducting regions on the low-energy spectrum, current-phase curves, and critical currents in junctions between trivial and topological superconductors. Such junctions are assumed to arise in nanowires with strong spin-orbit coupling under external magnetic fields and proximity-induced superconductivity. We show that all these quantities exhibit a strong dependence on the length of the topological sector in the topological phase and serve as indicators of the topological phase and thus the emergence of Majorana bound states at the end of the topological superconductor.},
	Author = {Cayao, Jorge and Black-Schaffer, Annica M.},
	Da = {2018/12/01},
	Date-Added = {2020-04-04 20:24:21 +0000},
	Date-Modified = {2020-04-04 20:24:31 +0000},
	Doi = {10.1140/epjst/e2018-800101-0},
	Id = {Cayao2018},
	Isbn = {1951-6401},
	Journal = {The European Physical Journal Special Topics},
	Number = {12},
	Pages = {1387--1396},
	Title = {Finite length effect on supercurrents between trivial and topological superconductors},
	Ty = {JOUR},
	Url = {https://doi.org/10.1140/epjst/e2018-800101-0},
	Volume = {227},
	Year = {2018},
	Bdsk-Url-1 = {https://doi.org/10.1140/epjst/e2018-800101-0},
	Bdsk-Url-2 = {http://dx.doi.org/10.1140/epjst/e2018-800101-0}}

@article{Zazunov2018Josephson,
	Author = {Zazunov, Alex and Iks, Albert and Alvarado, Miguel and Yeyati, Alfredo Levy and Egger, Reinhold},
	Date-Added = {2020-04-04 20:19:31 +0000},
	Date-Modified = {2020-04-04 20:19:38 +0000},
	Journal = {Beilstein Journal of Nanotechnology},
	Number = {1},
	Pages = {1659--1676},
	Publisher = {Beilstein-Institut},
	Title = {Josephson effect in junctions of conventional and topological superconductors},
	Volume = {9},
	Year = {2018}}

@article{Setiawan2017Conductance,
	Author = {Setiawan, F. and Cole, William S. and Sau, Jay D. and Das Sarma, S.},
	Date-Added = {2020-04-04 19:59:32 +0000},
	Date-Modified = {2020-04-04 19:59:42 +0000},
	Doi = {10.1103/PhysRevB.95.020501},
	Issue = {2},
	Journal = {Phys. Rev. B},
	Month = {Jan},
	Numpages = {5},
	Pages = {020501},
	Publisher = {American Physical Society},
	Title = {Conductance spectroscopy of nontopological-topological superconductor junctions},
	Url = {https://link.aps.org/doi/10.1103/PhysRevB.95.020501},
	Volume = {95},
	Year = {2017},
	Bdsk-Url-1 = {https://link.aps.org/doi/10.1103/PhysRevB.95.020501},
	Bdsk-Url-2 = {http://dx.doi.org/10.1103/PhysRevB.95.020501}}

@article{Peng2015Robust,
	Author = {Peng, Yang and Pientka, Falko and Vinkler-Aviv, Yuval and Glazman, Leonid I. and von Oppen, Felix},
	Date-Added = {2020-04-04 19:58:01 +0000},
	Date-Modified = {2020-05-16 18:01:54 +0000},
	Doi = {10.1103/PhysRevLett.115.266804},
	Issue = {26},
	Journal = {Phys. Rev. Lett.},
	Month = {Dec},
	Numpages = {6},
	Pages = {266804},
	Publisher = {American Physical Society},
	Title = {Robust {M}ajorana Conductance Peaks for a Superconducting Lead},
	Url = {https://link.aps.org/doi/10.1103/PhysRevLett.115.266804},
	Volume = {115},
	Year = {2015},
	Bdsk-Url-1 = {https://link.aps.org/doi/10.1103/PhysRevLett.115.266804},
	Bdsk-Url-2 = {http://dx.doi.org/10.1103/PhysRevLett.115.266804}}

@article{Zazunov2012Supercurrent,
	Author = {Zazunov, Alex and Egger, Reinhold},
	Date-Added = {2020-03-28 20:58:24 +0000},
	Date-Modified = {2020-05-16 18:02:57 +0000},
	Doi = {10.1103/PhysRevB.85.104514},
	Issue = {10},
	Journal = {Phys. Rev. B},
	Month = {Mar},
	Numpages = {5},
	Pages = {104514},
	Publisher = {American Physical Society},
	Title = {Supercurrent blockade in {J}osephson junctions with a {M}ajorana wire},
	Url = {https://link.aps.org/doi/10.1103/PhysRevB.85.104514},
	Volume = {85},
	Year = {2012},
	Bdsk-Url-1 = {https://link.aps.org/doi/10.1103/PhysRevB.85.104514},
	Bdsk-Url-2 = {http://dx.doi.org/10.1103/PhysRevB.85.104514}}

@article{Frolov2019Quest,
	Author = {Frolov, SM and Manfra, MJ and Sau, JD},
	Date-Added = {2020-02-29 12:24:51 +0000},
	Date-Modified = {2020-02-29 12:26:41 +0000},
	Journal = {arXiv:1912.11094},
	Title = {Quest for topological superconductivity at superconductor-semiconductor interfaces},
	Url = {https://arxiv.org/abs/1912.11094},
	Year = {2019},
	Bdsk-Url-1 = {https://arxiv.org/abs/1912.11094}}

@article{Zhang2019Next,
	Abstract = {Majorana zero modes are localized quasiparticles that obey non-Abelian exchange statistics. Braiding Majorana zero modes forms the basis of topologically protected quantum operations which could, in principle, significantly reduce qubit decoherence and gate control errors at the device level. Therefore, searching for Majorana zero modes in various solid state systems is a major topic in condensed matter physics and quantum computer science. Since the first experimental signature observed in hybrid superconductor-semiconductor nanowire devices, this field has witnessed a dramatic expansion in material science, transport experiments and theory. While making the first topological qubit based on these Majorana nanowires is currently an ongoing effort, several related important transport experiments are still being pursued in the near term. These will not only serve as intermediate steps but also show Majorana physics in a more fundamental aspect. In this perspective, we summarize these key Majorana experiments and the potential challenges.},
	Author = {Zhang, Hao and Liu, Dong E. and Wimmer, Michael and Kouwenhoven, Leo P.},
	Da = {2019/11/12},
	Date-Added = {2020-02-29 12:23:07 +0000},
	Date-Modified = {2020-05-16 17:54:38 +0000},
	Doi = {10.1038/s41467-019-13133-1},
	Id = {Zhang2019},
	Isbn = {2041-1723},
	Journal = {Nature Communications},
	Number = {1},
	Pages = {5128},
	Title = {Next steps of quantum transport in {M}ajorana nanowire devices},
	Ty = {JOUR},
	Url = {https://doi.org/10.1038/s41467-019-13133-1},
	Volume = {10},
	Year = {2019},
	Bdsk-Url-1 = {https://doi.org/10.1038/s41467-019-13133-1},
	Bdsk-Url-2 = {http://dx.doi.org/10.1038/s41467-019-13133-1}}

@article{Schrade2018Majorana,
	Author = {Schrade, Constantin and Fu, Liang},
	Date-Added = {2020-02-29 10:08:36 +0000},
	Date-Modified = {2020-02-29 10:08:45 +0000},
	Doi = {10.1103/PhysRevLett.121.267002},
	Issue = {26},
	Journal = {Phys. Rev. Lett.},
	Month = {Dec},
	Numpages = {6},
	Pages = {267002},
	Publisher = {American Physical Society},
	Title = {Majorana Superconducting Qubit},
	Url = {https://link.aps.org/doi/10.1103/PhysRevLett.121.267002},
	Volume = {121},
	Year = {2018},
	Bdsk-Url-1 = {https://link.aps.org/doi/10.1103/PhysRevLett.121.267002},
	Bdsk-Url-2 = {http://dx.doi.org/10.1103/PhysRevLett.121.267002}}

@article{Ioselevich2016Josephson,
	Author = {Ioselevich, P. A. and Ostrovsky, P. M. and Feigel'man, M. V.},
	Date-Added = {2020-02-27 09:27:15 +0000},
	Date-Modified = {2020-02-27 09:27:26 +0000},
	Doi = {10.1103/PhysRevB.93.125435},
	Issue = {12},
	Journal = {Phys. Rev. B},
	Month = {Mar},
	Numpages = {8},
	Pages = {125435},
	Publisher = {American Physical Society},
	Title = {Josephson current between topological and conventional superconductors},
	Url = {https://link.aps.org/doi/10.1103/PhysRevB.93.125435},
	Volume = {93},
	Year = {2016},
	Bdsk-Url-1 = {https://link.aps.org/doi/10.1103/PhysRevB.93.125435},
	Bdsk-Url-2 = {http://dx.doi.org/10.1103/PhysRevB.93.125435}}

@article{Tewari2012Topological,
	Author = {Tewari, Sumanta and Sau, Jay D.},
	Date-Added = {2020-02-25 14:05:50 +0000},
	Date-Modified = {2020-02-25 14:06:02 +0000},
	Doi = {10.1103/PhysRevLett.109.150408},
	Issue = {15},
	Journal = {Phys. Rev. Lett.},
	Month = {Oct},
	Numpages = {5},
	Pages = {150408},
	Publisher = {American Physical Society},
	Title = {Topological Invariants for Spin-Orbit Coupled Superconductor Nanowires},
	Url = {https://link.aps.org/doi/10.1103/PhysRevLett.109.150408},
	Volume = {109},
	Year = {2012},
	Bdsk-Url-1 = {https://link.aps.org/doi/10.1103/PhysRevLett.109.150408},
	Bdsk-Url-2 = {http://dx.doi.org/10.1103/PhysRevLett.109.150408}}

@article{PhysRevB.92.134519,
	Author = {Liu, Tianyu and Franz, M.},
	Date-Added = {2019-06-26 20:44:47 +0800},
	Date-Modified = {2019-06-26 20:44:47 +0800},
	Doi = {10.1103/PhysRevB.92.134519},
	Issue = {13},
	Journal = {Phys. Rev. B},
	Month = {Oct},
	Numpages = {14},
	Pages = {134519},
	Publisher = {American Physical Society},
	Title = {Electronic structure of topological superconductors in the presence of a vortex lattice},
	Url = {https://link.aps.org/doi/10.1103/PhysRevB.92.134519},
	Volume = {92},
	Year = {2015},
	Bdsk-Url-1 = {https://link.aps.org/doi/10.1103/PhysRevB.92.134519},
	Bdsk-Url-2 = {http://dx.doi.org/10.1103/PhysRevB.92.134519}}

@article{Polshyn2019Manipulating,
	Author = {Polshyn, Hryhoriy and Naibert, Tyler and Budakian, Raffi},
	Date-Added = {2019-05-28 19:10:04 +0000},
	Date-Modified = {2019-05-28 19:10:19 +0000},
	Journal = {arXiv:1905.06303},
	Title = {Manipulating multi-vortex states in superconducting structures},
	Year = {2019}}

@article{Bonderson2008Measurement,
	Author = {Bonderson, Parsa and Freedman, Michael and Nayak, Chetan},
	Date-Added = {2019-05-28 12:14:21 +0000},
	Date-Modified = {2019-05-28 12:14:30 +0000},
	Doi = {10.1103/PhysRevLett.101.010501},
	Issue = {1},
	Journal = {Phys. Rev. Lett.},
	Month = {Jun},
	Numpages = {4},
	Pages = {010501},
	Publisher = {American Physical Society},
	Title = {Measurement-Only Topological Quantum Computation},
	Url = {https://link.aps.org/doi/10.1103/PhysRevLett.101.010501},
	Volume = {101},
	Year = {2008},
	Bdsk-Url-1 = {https://link.aps.org/doi/10.1103/PhysRevLett.101.010501},
	Bdsk-Url-2 = {http://dx.doi.org/10.1103/PhysRevLett.101.010501}}

@article{Vijay2016Teleportation,
	Author = {Vijay, Sagar and Fu, Liang},
	Date-Added = {2019-05-28 12:12:46 +0000},
	Date-Modified = {2019-05-28 12:12:59 +0000},
	Doi = {10.1103/PhysRevB.94.235446},
	Issue = {23},
	Journal = {Phys. Rev. B},
	Month = {Dec},
	Numpages = {9},
	Pages = {235446},
	Publisher = {American Physical Society},
	Title = {Teleportation-based quantum information processing with Majorana zero modes},
	Url = {https://link.aps.org/doi/10.1103/PhysRevB.94.235446},
	Volume = {94},
	Year = {2016},
	Bdsk-Url-1 = {https://link.aps.org/doi/10.1103/PhysRevB.94.235446},
	Bdsk-Url-2 = {http://dx.doi.org/10.1103/PhysRevB.94.235446}}

@article{November2019Scheme,
	Author = {November, Benjamin H and Sau, Jay D and Williams, James R and Hoffman, Jennifer E},
	Date-Added = {2019-05-28 08:43:17 +0000},
	Date-Modified = {2019-05-28 08:43:50 +0000},
	Journal = {arXiv:1905.09792},
	Title = {Scheme for Majorana Manipulation Using Magnetic Force Microscopy},
	Url = {https://arxiv.org/abs/1905.09792},
	Year = {2019},
	Bdsk-Url-1 = {https://arxiv.org/abs/1905.09792}}

@article{Zhang2018Helical,
	Author = {Zhang, Rui-Xing and Cole, William S and Sarma, S Das},
	Date-Added = {2019-04-07 16:57:35 +0000},
	Date-Modified = {2019-04-07 17:06:57 +0000},
	Journal = {arXiv:1812.10493},
	Title = {Helical Hinge Majoranas in Iron-Based Superconductors},
	Url = {https://arxiv.org/abs/1812.10493},
	Year = {2018},
	Bdsk-Url-1 = {https://arxiv.org/abs/1812.10493}}

@article{Wang2019Signature,
	Author = {Wang, Zhenyu and Rodriguez, Jorge Olivares and Graham, Martin and Gu, GD and Hughes, Taylor and Morr, Dirk K and Madhavan, Vidya},
	Date-Added = {2019-04-07 16:55:56 +0000},
	Date-Modified = {2019-04-07 17:04:50 +0000},
	Journal = {arXiv:1903.00515},
	Title = {Signature of Dispersing 1D Majorana Channels in an Iron-based Superconductor},
	Url = {https://arxiv.org/abs/1903.00515},
	Year = {2019},
	Bdsk-Url-1 = {https://arxiv.org/abs/1903.00515}}

@article{Gray2019Evidence,
	Author = {Gray, Mason J and Freudenstein, Josef and Zhao, Shu Yang F and OConnor, Ryan and Jenkins, Samuel and Kumar, Narendra and Hoek, Marcel and Kopec, Abigail and Taniguchi, Takashi and Watanabe, Kenji and others},
	Date-Added = {2019-04-07 16:53:08 +0000},
	Date-Modified = {2019-04-07 17:05:09 +0000},
	Journal = {arXiv:1902.10723},
	Title = {Evidence for Helical Hinge Zero Modes in an Fe-Based Superconductor},
	Url = {https://arxiv.org/abs/1902.10723},
	Year = {2019},
	Bdsk-Url-1 = {https://arxiv.org/abs/1902.10723}}

@article{Liu2018Robust,
	Author = {Liu, Qin and Chen, Chen and Zhang, Tong and Peng, Rui and Yan, Ya-Jun and Wen, Chen-Hao-Ping and Lou, Xia and Huang, Yu-Long and Tian, Jin-Peng and Dong, Xiao-Li and Wang, Guang-Wei and Bao, Wei-Cheng and Wang, Qiang-Hua and Yin, Zhi-Ping and Zhao, Zhong-Xian and Feng, Dong-Lai},
	Date-Added = {2019-02-11 15:25:52 +0000},
	Date-Modified = {2019-02-11 15:25:59 +0000},
	Doi = {10.1103/PhysRevX.8.041056},
	Issue = {4},
	Journal = {Phys. Rev. X},
	Month = {Dec},
	Numpages = {12},
	Pages = {041056},
	Publisher = {American Physical Society},
	Title = {Robust and Clean Majorana Zero Mode in the Vortex Core of High-Temperature Superconductor $\mathbf{(}{\mathrm{Li}}_{0.84}{\mathrm{Fe}}_{0.16}\mathbf{)}\mathrm{OHFeSe}$},
	Url = {https://link.aps.org/doi/10.1103/PhysRevX.8.041056},
	Volume = {8},
	Year = {2018},
	Bdsk-Url-1 = {https://link.aps.org/doi/10.1103/PhysRevX.8.041056},
	Bdsk-Url-2 = {http://dx.doi.org/10.1103/PhysRevX.8.041056}}

@misc{supp,
	Date-Added = {2019-02-09 20:27:19 +0000},
	Date-Modified = {2020-05-06 15:13:15 +0000},
	Note = {See Supplemenatry material for the details of: derivation of the general formula of current-phase relation, the amplitude of Cooper pair transfer via MZM, and the supercurrent blockade.}}

@article{Pikulin2019Coulomb,
	Author = {Pikulin, Dmitry and Flensberg, Karsten and Glazman, Leonid I. and Houzet, Manuel and Lutchyn, Roman M.},
	Date-Added = {2019-02-08 13:15:29 +0000},
	Date-Modified = {2019-02-08 13:15:40 +0000},
	Doi = {10.1103/PhysRevLett.122.016801},
	Issue = {1},
	Journal = {Phys. Rev. Lett.},
	Month = {Jan},
	Numpages = {5},
	Pages = {016801},
	Publisher = {American Physical Society},
	Title = {Coulomb Blockade of a Nearly Open Majorana Island},
	Url = {https://link.aps.org/doi/10.1103/PhysRevLett.122.016801},
	Volume = {122},
	Year = {2019},
	Bdsk-Url-1 = {https://link.aps.org/doi/10.1103/PhysRevLett.122.016801},
	Bdsk-Url-2 = {http://dx.doi.org/10.1103/PhysRevLett.122.016801}}

@article{Kubo2006Epitaxially,
	Author = {Kubo, O and Shingaya, Y and Nakaya, M and Aono, M and Nakayama, T},
	Date-Added = {2019-01-17 03:27:32 +0000},
	Date-Modified = {2019-01-17 03:28:45 +0000},
	Journal = {Applied physics letters},
	Number = {25},
	Pages = {254101},
	Publisher = {AIP},
	Title = {Epitaxially grown WO x nanorod probes for sub-100 nm multiple-scanning-probe measurement},
	Url = {https://aip.scitation.org/doi/abs/10.1063/1.2213954},
	Volume = {88},
	Year = {2006},
	Bdsk-Url-1 = {https://aip.scitation.org/doi/abs/10.1063/1.2213954}}

@article{Hu2016Theory,
	Author = {Hu, Lun-Hui and Li, Chuang and Xu, Dong-Hui and Zhou, Yi and Zhang, Fu-Chun},
	Date-Added = {2019-01-12 09:13:52 +0000},
	Date-Modified = {2019-01-12 09:14:04 +0000},
	Doi = {10.1103/PhysRevB.94.224501},
	Issue = {22},
	Journal = {Phys. Rev. B},
	Month = {Dec},
	Numpages = {13},
	Pages = {224501},
	Publisher = {American Physical Society},
	Title = {Theory of spin-selective Andreev reflection in the vortex core of a topological superconductor},
	Url = {https://link.aps.org/doi/10.1103/PhysRevB.94.224501},
	Volume = {94},
	Year = {2016},
	Bdsk-Url-1 = {https://link.aps.org/doi/10.1103/PhysRevB.94.224501},
	Bdsk-Url-2 = {http://dx.doi.org/10.1103/PhysRevB.94.224501}}

@article{Ge2015Development,
	Author = {Ge,Jian-Feng and Liu,Zhi-Long and Gao,Chun-Lei and Qian,Dong and Liu,Canhua and Jia,Jin-Feng},
	Date-Added = {2019-01-06 09:22:55 +0000},
	Date-Modified = {2019-02-10 13:34:44 +0000},
	Doi = {10.1063/1.4919766},
	Journal = {Review of Scientific Instruments},
	Number = {5},
	Pages = {053903},
	Title = {Development of micro-four-point probe in a scanning tunneling microscope for in situ electrical transport measurement},
	Url = {https://doi.org/10.1063/1.4919766},
	Volume = {86},
	Year = {2015},
	Bdsk-Url-1 = {https://doi.org/10.1063/1.4919766},
	Bdsk-Url-2 = {http://dx.doi.org/10.1063/1.4919766}}

@article{Xi2015Ising,
	Author = {Xi, Xiaoxiang and Wang, Zefang and Zhao, Weiwei and Park, Ju-Hyun and Law, Kam Tuen and Berger, Helmuth and Forr{\'o}, L{\'a}szl{\'o} and Shan, Jie and Mak, Kin Fai},
	Date = {2015/11/09/online},
	Date-Added = {2019-01-06 09:18:07 +0000},
	Date-Modified = {2019-01-06 09:18:16 +0000},
	Day = {09},
	Journal = {Nature Physics},
	L3 = {10.1038/nphys3538; https://www.nature.com/articles/nphys3538#supplementary-information},
	Month = {11},
	Pages = {139 EP -},
	Publisher = {Nature Publishing Group SN -},
	Title = {Ising pairing in superconducting NbSe2 atomic layers},
	Ty = {JOUR},
	Url = {https://doi.org/10.1038/nphys3538},
	Volume = {12},
	Year = {2015},
	Bdsk-Url-1 = {https://doi.org/10.1038/nphys3538}}

@article{Pang2015Majorana,
	Author = {Pang, Yuan and Shen, Jie and Wang, Junhua and Feng, Junya and Qu, Fanming and Lyu, Zhaozhen and Fan, Jie and Liu, Guangtong and Ji, Zhongqing and Jing, Xiunian and others},
	Date-Added = {2019-01-06 09:15:03 +0000},
	Date-Modified = {2019-01-06 09:16:20 +0000},
	Journal = {arXiv:1503.00838},
	Title = {Majorana fermions in a superconducting Mobius strip},
	Url = {https://arxiv.org/abs/1503.00838},
	Year = {2015},
	Bdsk-Url-1 = {https://arxiv.org/abs/1503.00838}}

@article{Dvir2018Spectroscopy,
	Abstract = {Tunnel junctions, an established platform for high resolution spectroscopy of superconductors, require defect-free insulating barriers; however, oxides, the most common barrier, can only grow on a limited selection of materials. We show that van der Waals tunnel barriers, fabricated by exfoliation and transfer of layered semiconductors, sustain stable currents with strong suppression of sub-gap tunneling. This allows us to measure the spectra of bulk (20 nm) and ultrathin (3- and 4-layer) NbSe2 devices at 70 mK. These exhibit two distinct superconducting gaps, the larger of which decreases monotonically with thickness and critical temperature. The spectra are analyzed using a two-band model incorporating depairing. In the bulk, the smaller gap exhibits strong depairing in in-plane magnetic fields, consistent with high out-of-plane Fermi velocity. In the few-layer devices, the large gap exhibits negligible depairing, consistent with out-of-plane spin locking due to Ising spin--orbit coupling. In the 3-layer device, the large gap persists beyond the Pauli limit.},
	Author = {Dvir, T. and Massee, F. and Attias, L. and Khodas, M. and Aprili, M. and Quay, C. H. L. and Steinberg, H.},
	Da = {2018/02/09},
	Date-Added = {2019-01-06 09:13:39 +0000},
	Date-Modified = {2019-01-06 09:13:50 +0000},
	Doi = {10.1038/s41467-018-03000-w},
	Id = {Dvir2018},
	Isbn = {2041-1723},
	Journal = {Nature Communications},
	Number = {1},
	Pages = {598},
	Title = {Spectroscopy of bulk and few-layer superconducting NbSe2 with van der Waals tunnel junctions},
	Ty = {JOUR},
	Url = {https://doi.org/10.1038/s41467-018-03000-w},
	Volume = {9},
	Year = {2018},
	Bdsk-Url-1 = {https://doi.org/10.1038/s41467-018-03000-w},
	Bdsk-Url-2 = {http://dx.doi.org/10.1038/s41467-018-03000-w}}

@article{Dvir2018Tunneling,
	Author = {Dvir, Tom and Aprili, Marco and Quay, Charis H. L. and Steinberg, Hadar},
	Date-Added = {2019-01-06 09:12:20 +0000},
	Date-Modified = {2019-02-10 13:34:24 +0000},
	Doi = {10.1021/acs.nanolett.8b03605},
	Journal = {Nano Letters},
	Note = {PMID: 30475631},
	Number = {12},
	Pages = {7845-7850},
	Title = {Tunneling into the Vortex State of NbSe2 with van der Waals Junctions},
	Url = {https://doi.org/10.1021/acs.nanolett.8b03605},
	Volume = {18},
	Year = {2018},
	Bdsk-Url-1 = {https://doi.org/10.1021/acs.nanolett.8b03605},
	Bdsk-Url-2 = {http://dx.doi.org/10.1021/acs.nanolett.8b03605}}

@article{Glazman2005LowTemperature,
	Author = {Glazman, Leonid I and Pustilnik, Michael},
	Date-Added = {2018-12-17 15:47:42 +0000},
	Date-Modified = {2018-12-17 15:47:59 +0000},
	Journal = {cond-mat/0501007},
	Title = {Low-temperature transport through a quantum dot},
	Year = {2005}}

@article{Sun2016Majorana,
	Author = {Sun, Hao-Hua and Zhang, Kai-Wen and Hu, Lun-Hui and Li, Chuang and Wang, Guan-Yong and Ma, Hai-Yang and Xu, Zhu-An and Gao, Chun-Lei and Guan, Dan-Dan and Li, Yao-Yi and Liu, Canhua and Qian, Dong and Zhou, Yi and Fu, Liang and Li, Shao-Chun and Zhang, Fu-Chun and Jia, Jin-Feng},
	Date-Added = {2018-11-27 03:21:13 +0000},
	Date-Modified = {2018-11-27 03:21:23 +0000},
	Doi = {10.1103/PhysRevLett.116.257003},
	Issue = {25},
	Journal = {Phys. Rev. Lett.},
	Month = {Jun},
	Numpages = {5},
	Pages = {257003},
	Publisher = {American Physical Society},
	Title = {Majorana Zero Mode Detected with Spin Selective Andreev Reflection in the Vortex of a Topological Superconductor},
	Url = {https://link.aps.org/doi/10.1103/PhysRevLett.116.257003},
	Volume = {116},
	Year = {2016},
	Bdsk-Url-1 = {https://link.aps.org/doi/10.1103/PhysRevLett.116.257003},
	Bdsk-Url-2 = {http://dx.doi.org/10.1103/PhysRevLett.116.257003}}

@article{Alicea2011NonAbelian,
	Author = {Alicea, Jason and Oreg, Yuval and Refael, Gil and von Oppen, Felix and Fisher, Matthew P. A.},
	Date = {2011/02/13/online},
	Date-Added = {2018-11-27 03:03:53 +0000},
	Date-Modified = {2018-11-27 03:03:53 +0000},
	Day = {13},
	Journal = {Nature Physics},
	L3 = {10.1038/nphys1915; https://www.nature.com/articles/nphys1915#supplementary-information},
	M3 = {Article},
	Month = {02},
	Pages = {412 EP -},
	Publisher = {Nature Publishing Group SN -},
	Title = {Non-Abelian statistics and topological quantum information processing in 1D wire networks},
	Ty = {JOUR},
	Url = {https://doi.org/10.1038/nphys1915},
	Volume = {7},
	Year = {2011},
	Bdsk-Url-1 = {https://doi.org/10.1038/nphys1915}}

@article{Zhang2018Observation,
	Abstract = {A promising path toward topological quantum computing involves exotic quasiparticles called the Majorana bound states (MBSs). MBSs have been observed in heterostructures that require careful nanofabrication, but the complexity of such systems makes further progress tricky. Zhang et al. identified a topological superconductor in which MBSs may be observed in a simpler way by looking into the cores of vortices induced by an external magnetic field. Using angle-resolved photoemission, the researchers found that the surface of the iron superconductor FeTe0.55Se0.45 satisfies the required conditions for topological superconductivity.Science, this issue p. 182Topological superconductors are predicted to host exotic Majorana states that obey non-Abelian statistics and can be used to implement a topological quantum computer. Most of the proposed topological superconductors are realized in difficult-to-fabricate heterostructures at very low temperatures. By using high-resolution spin-resolved and angle-resolved photoelectron spectroscopy, we find that the iron-based superconductor FeTe1{\textendash}xSex (x = 0.45; superconducting transition temperature Tc = 14.5 kelvin) hosts Dirac-cone{\textendash}type spin-helical surface states at the Fermi level; the surface states exhibit an s-wave superconducting gap below Tc. Our study shows that the surface states of FeTe0.55Se0.45 are topologically superconducting, providing a simple and possibly high-temperature platform for realizing Majorana states.},
	Author = {Zhang, Peng and Yaji, Koichiro and Hashimoto, Takahiro and Ota, Yuichi and Kondo, Takeshi and Okazaki, Kozo and Wang, Zhijun and Wen, Jinsheng and Gu, G. D. and Ding, Hong and Shin, Shik},
	Date-Added = {2018-11-19 14:35:03 +0000},
	Date-Modified = {2018-11-19 14:55:02 +0000},
	Doi = {10.1126/science.aan4596},
	Issn = {0036-8075},
	Journal = {Science},
	Number = {6385},
	Pages = {182--186},
	Publisher = {American Association for the Advancement of Science},
	Title = {Observation of topological superconductivity on the surface of an iron-based superconductor},
	Url = {http://science.sciencemag.org/content/360/6385/182},
	Volume = {360},
	Year = {2018},
	Bdsk-Url-1 = {http://science.sciencemag.org/content/360/6385/182},
	Bdsk-Url-2 = {http://dx.doi.org/10.1126/science.aan4596}}

@article{Wu2016Topological,
	Author = {Wu, Xianxin and Qin, Shengshan and Liang, Yi and Fan, Heng and Hu, Jiangping},
	Date-Added = {2018-11-19 14:24:53 +0000},
	Date-Modified = {2018-11-19 14:25:02 +0000},
	Doi = {10.1103/PhysRevB.93.115129},
	Issue = {11},
	Journal = {Phys. Rev. B},
	Month = {Mar},
	Numpages = {13},
	Pages = {115129},
	Publisher = {American Physical Society},
	Title = {Topological characters in $\mathrm{Fe}({\mathrm{Te}}_{1\ensuremath{-}x}{\mathrm{Se}}_{x})$ thin films},
	Url = {https://link.aps.org/doi/10.1103/PhysRevB.93.115129},
	Volume = {93},
	Year = {2016},
	Bdsk-Url-1 = {https://link.aps.org/doi/10.1103/PhysRevB.93.115129},
	Bdsk-Url-2 = {http://dx.doi.org/10.1103/PhysRevB.93.115129}}

@article{Wang2015Topological,
	Author = {Wang, Zhijun and Zhang, P. and Xu, Gang and Zeng, L. K. and Miao, H. and Xu, Xiaoyan and Qian, T. and Weng, Hongming and Richard, P. and Fedorov, A. V. and Ding, H. and Dai, Xi and Fang, Zhong},
	Date-Added = {2018-11-19 14:23:45 +0000},
	Date-Modified = {2018-11-19 14:23:56 +0000},
	Doi = {10.1103/PhysRevB.92.115119},
	Issue = {11},
	Journal = {Phys. Rev. B},
	Month = {Sep},
	Numpages = {7},
	Pages = {115119},
	Publisher = {American Physical Society},
	Title = {Topological nature of the ${\mathrm{FeSe}}_{0.5}{\mathrm{Te}}_{0.5}$ superconductor},
	Url = {https://link.aps.org/doi/10.1103/PhysRevB.92.115119},
	Volume = {92},
	Year = {2015},
	Bdsk-Url-1 = {https://link.aps.org/doi/10.1103/PhysRevB.92.115119},
	Bdsk-Url-2 = {http://dx.doi.org/10.1103/PhysRevB.92.115119}}

@article{Xu2015Experimental,
	Author = {Xu, Jin-Peng and Wang, Mei-Xiao and Liu, Zhi Long and Ge, Jian-Feng and Yang, Xiaojun and Liu, Canhua and Xu, Zhu An and Guan, Dandan and Gao, Chun Lei and Qian, Dong and Liu, Ying and Wang, Qiang-Hua and Zhang, Fu-Chun and Xue, Qi-Kun and Jia, Jin-Feng},
	Date-Added = {2018-11-19 14:17:50 +0000},
	Date-Modified = {2018-11-19 14:17:59 +0000},
	Doi = {10.1103/PhysRevLett.114.017001},
	Issue = {1},
	Journal = {Phys. Rev. Lett.},
	Month = {Jan},
	Numpages = {5},
	Pages = {017001},
	Publisher = {American Physical Society},
	Title = {Experimental Detection of a Majorana Mode in the core of a Magnetic Vortex inside a Topological Insulator-Superconductor ${\mathrm{Bi}}_{2}{\mathrm{Te}}_{3}/{\mathrm{NbSe}}_{2}$ Heterostructure},
	Url = {https://link.aps.org/doi/10.1103/PhysRevLett.114.017001},
	Volume = {114},
	Year = {2015},
	Bdsk-Url-1 = {https://link.aps.org/doi/10.1103/PhysRevLett.114.017001},
	Bdsk-Url-2 = {http://dx.doi.org/10.1103/PhysRevLett.114.017001}}

@article{Fu2008Superconducting,
	Author = {Fu, Liang and Kane, C. L.},
	Date-Added = {2018-11-19 14:01:08 +0000},
	Date-Modified = {2018-11-19 14:01:18 +0000},
	Doi = {10.1103/PhysRevLett.100.096407},
	Issue = {9},
	Journal = {Phys. Rev. Lett.},
	Month = {Mar},
	Numpages = {4},
	Pages = {096407},
	Publisher = {American Physical Society},
	Title = {Superconducting Proximity Effect and Majorana Fermions at the Surface of a Topological Insulator},
	Url = {https://link.aps.org/doi/10.1103/PhysRevLett.100.096407},
	Volume = {100},
	Year = {2008},
	Bdsk-Url-1 = {https://link.aps.org/doi/10.1103/PhysRevLett.100.096407},
	Bdsk-Url-2 = {http://dx.doi.org/10.1103/PhysRevLett.100.096407}}

@article{Wang2018Evidence,
	Abstract = {The surface of the iron-based superconductor FeTe0.55Se0.45 has been identified as a potential topological superconductor and is expected to host exotic quasiparticles called the Majorana bound states (MBSs). Wang et al. looked for signatures of MBSs in this material by using scanning tunneling spectroscopy on the vortex cores formed by the application of a magnetic field. In addition to conventional states, they observed the characteristic zero-bias peaks associated with MBSs and were able to distinguish between the two, owing to the favorable ratios of energy scales in the system.Science, this issue p. 333The search for Majorana bound states (MBSs) has been fueled by the prospect of using their non-Abelian statistics for robust quantum computation. Two-dimensional superconducting topological materials have been predicted to host MBSs as zero-energy modes in vortex cores. By using scanning tunneling spectroscopy on the superconducting Dirac surface state of the iron-based superconductor FeTe0.55Se0.45, we observed a sharp zero-bias peak inside a vortex core that does not split when moving away from the vortex center. The evolution of the peak under varying magnetic field, temperature, and tunneling barrier is consistent with the tunneling to a nearly pure MBS, separated from nontopological bound states. This observation offers a potential platform for realizing and manipulating MBSs at a relatively high temperature.},
	Author = {Wang, Dongfei and Kong, Lingyuan and Fan, Peng and Chen, Hui and Zhu, Shiyu and Liu, Wenyao and Cao, Lu and Sun, Yujie and Du, Shixuan and Schneeloch, John and Zhong, Ruidan and Gu, Genda and Fu, Liang and Ding, Hong and Gao, Hong-Jun},
	Date-Added = {2018-11-19 08:36:56 +0000},
	Date-Modified = {2018-11-19 14:55:39 +0000},
	Doi = {10.1126/science.aao1797},
	Issn = {0036-8075},
	Journal = {Science},
	Number = {6412},
	Pages = {333--335},
	Publisher = {American Association for the Advancement of Science},
	Title = {Evidence for Majorana bound states in an iron-based superconductor},
	Url = {http://science.sciencemag.org/content/362/6412/333},
	Volume = {362},
	Year = {2018},
	Bdsk-Url-1 = {http://science.sciencemag.org/content/362/6412/333},
	Bdsk-Url-2 = {http://dx.doi.org/10.1126/science.aao1797}}

@article{Huang2018Disorder,
	Author = {Huang, Yingyi and Setiawan, F. and Sau, Jay D.},
	Date-Added = {2018-10-30 02:11:05 +0000},
	Date-Modified = {2018-10-30 02:11:05 +0000},
	Doi = {10.1103/PhysRevB.97.100501},
	Issue = {10},
	Journal = {Phys. Rev. B},
	Month = {Mar},
	Numpages = {5},
	Pages = {100501},
	Publisher = {American Physical Society},
	Title = {Disorder-induced half-integer quantized conductance plateau in quantum anomalous Hall insulator-superconductor structures},
	Url = {https://link.aps.org/doi/10.1103/PhysRevB.97.100501},
	Volume = {97},
	Year = {2018},
	Bdsk-Url-1 = {https://link.aps.org/doi/10.1103/PhysRevB.97.100501},
	Bdsk-Url-2 = {http://dx.doi.org/10.1103/PhysRevB.97.100501}}

@article{EntinWohlman2008Conductance,
	Author = {Entin-Wohlman, O. and Imry, Y. and Aharony, A.},
	Date-Added = {2018-10-30 02:10:52 +0000},
	Date-Modified = {2018-10-30 02:10:52 +0000},
	Doi = {10.1103/PhysRevB.78.224510},
	Issue = {22},
	Journal = {Phys. Rev. B},
	Month = {Dec},
	Numpages = {10},
	Pages = {224510},
	Publisher = {American Physical Society},
	Title = {Conductance of superconducting-normal hybrid structures},
	Url = {https://link.aps.org/doi/10.1103/PhysRevB.78.224510},
	Volume = {78},
	Year = {2008},
	Bdsk-Url-1 = {https://link.aps.org/doi/10.1103/PhysRevB.78.224510},
	Bdsk-Url-2 = {http://dx.doi.org/10.1103/PhysRevB.78.224510}}

@article{Anantram1996Current,
	Author = {Anantram, M. P. and Datta, S.},
	Date-Added = {2018-10-30 02:10:37 +0000},
	Date-Modified = {2018-10-30 02:10:37 +0000},
	Doi = {10.1103/PhysRevB.53.16390},
	Issue = {24},
	Journal = {Phys. Rev. B},
	Month = {Jun},
	Numpages = {0},
	Pages = {16390--16402},
	Publisher = {American Physical Society},
	Title = {Current fluctuations in mesoscopic systems with Andreev scattering},
	Url = {https://link.aps.org/doi/10.1103/PhysRevB.53.16390},
	Volume = {53},
	Year = {1996},
	Bdsk-Url-1 = {https://link.aps.org/doi/10.1103/PhysRevB.53.16390},
	Bdsk-Url-2 = {http://dx.doi.org/10.1103/PhysRevB.53.16390}}

@article{Takane1992Conductance,
	Author = {Takane ,Yositake and Ebisawa ,Hiromichi},
	Date-Added = {2018-10-30 02:10:19 +0000},
	Date-Modified = {2018-10-30 02:10:19 +0000},
	Doi = {10.1143/JPSJ.61.1685},
	Journal = {J. Phys. Soc. Jpn.},
	Number = {5},
	Pages = {1685-1690},
	Title = {Conductance Formula for Mesoscopic Systems with a Superconducting Segment},
	Url = {https://doi.org/10.1143/JPSJ.61.1685},
	Volume = {61},
	Year = {1992},
	Bdsk-Url-1 = {https://doi.org/10.1143/JPSJ.61.1685},
	Bdsk-Url-2 = {http://dx.doi.org/10.1143/JPSJ.61.1685}}

@article{Bascones2000Nonequilibrium,
	Author = {Bascones, E. and Herrero, C. P. and Guinea, F. and Sch\"on, Gerd},
	Date-Added = {2018-10-29 02:58:41 +0000},
	Date-Modified = {2018-10-29 02:58:41 +0000},
	Doi = {10.1103/PhysRevB.61.16778},
	Issue = {24},
	Journal = {Phys. Rev. B},
	Month = {Jun},
	Numpages = {0},
	Pages = {16778--16786},
	Publisher = {American Physical Society},
	Title = {Nonequilibrium effects in transport through quantum dots},
	Url = {https://link.aps.org/doi/10.1103/PhysRevB.61.16778},
	Volume = {61},
	Year = {2000},
	Bdsk-Url-1 = {https://link.aps.org/doi/10.1103/PhysRevB.61.16778},
	Bdsk-Url-2 = {http://dx.doi.org/10.1103/PhysRevB.61.16778}}

@article{Tripathi2016Fingerprints,
	Author = {Tripathi, Krashna Mohan and Das, Sourin and Rao, Sumathi},
	Date-Added = {2018-10-23 13:22:27 +0000},
	Date-Modified = {2018-10-23 13:22:27 +0000},
	Doi = {10.1103/PhysRevLett.116.166401},
	Issue = {16},
	Journal = {Phys. Rev. Lett.},
	Month = {Apr},
	Numpages = {5},
	Pages = {166401},
	Publisher = {American Physical Society},
	Title = {Fingerprints of Majorana Bound States in Aharonov-Bohm Geometry},
	Url = {https://link.aps.org/doi/10.1103/PhysRevLett.116.166401},
	Volume = {116},
	Year = {2016},
	Bdsk-Url-1 = {https://link.aps.org/doi/10.1103/PhysRevLett.116.166401},
	Bdsk-Url-2 = {http://dx.doi.org/10.1103/PhysRevLett.116.166401}}

@article{Rubbert2016Detecting,
	Author = {Rubbert, S. and Akhmerov, A. R.},
	Date-Added = {2018-10-23 13:22:07 +0000},
	Date-Modified = {2018-10-23 13:22:07 +0000},
	Doi = {10.1103/PhysRevB.94.115430},
	Issue = {11},
	Journal = {Phys. Rev. B},
	Month = {Sep},
	Numpages = {5},
	Pages = {115430},
	Publisher = {American Physical Society},
	Title = {Detecting Majorana nonlocality using strongly coupled Majorana bound states},
	Url = {https://link.aps.org/doi/10.1103/PhysRevB.94.115430},
	Volume = {94},
	Year = {2016},
	Bdsk-Url-1 = {https://link.aps.org/doi/10.1103/PhysRevB.94.115430},
	Bdsk-Url-2 = {http://dx.doi.org/10.1103/PhysRevB.94.115430}}

@article{Cheng2015Fractional,
	Author = {Cheng, Meng and Lutchyn, Roman},
	Date-Added = {2018-10-23 13:20:14 +0000},
	Date-Modified = {2018-10-23 13:20:14 +0000},
	Doi = {10.1103/PhysRevB.92.134516},
	Issue = {13},
	Journal = {Phys. Rev. B},
	Month = {Oct},
	Numpages = {14},
	Pages = {134516},
	Publisher = {American Physical Society},
	Title = {Fractional Josephson effect in number-conserving systems},
	Url = {https://link.aps.org/doi/10.1103/PhysRevB.92.134516},
	Volume = {92},
	Year = {2015},
	Bdsk-Url-1 = {https://link.aps.org/doi/10.1103/PhysRevB.92.134516},
	Bdsk-Url-2 = {http://dx.doi.org/10.1103/PhysRevB.92.134516}}

@article{Sau2015Proposal,
	Author = {Sau, Jay D. and Swingle, Brian and Tewari, Sumanta},
	Date-Added = {2018-10-23 13:19:37 +0000},
	Date-Modified = {2018-10-23 13:19:37 +0000},
	Doi = {10.1103/PhysRevB.92.020511},
	Issue = {2},
	Journal = {Phys. Rev. B},
	Month = {Jul},
	Numpages = {5},
	Pages = {020511},
	Publisher = {American Physical Society},
	Title = {Proposal to probe quantum nonlocality of Majorana fermions in tunneling experiments},
	Url = {https://link.aps.org/doi/10.1103/PhysRevB.92.020511},
	Volume = {92},
	Year = {2015},
	Bdsk-Url-1 = {https://link.aps.org/doi/10.1103/PhysRevB.92.020511},
	Bdsk-Url-2 = {http://dx.doi.org/10.1103/PhysRevB.92.020511}}

@article{Sau2017Detecting,
	Author = {Sau, Jay D. and Setiawan, F.},
	Date-Added = {2018-10-23 13:10:13 +0000},
	Date-Modified = {2018-10-23 13:10:13 +0000},
	Doi = {10.1103/PhysRevB.95.060501},
	Issue = {6},
	Journal = {Phys. Rev. B},
	Month = {Feb},
	Numpages = {5},
	Pages = {060501},
	Publisher = {American Physical Society},
	Title = {Detecting topological superconductivity using low-frequency doubled Shapiro steps},
	Url = {https://link.aps.org/doi/10.1103/PhysRevB.95.060501},
	Volume = {95},
	Year = {2017},
	Bdsk-Url-1 = {https://link.aps.org/doi/10.1103/PhysRevB.95.060501},
	Bdsk-Url-2 = {http://dx.doi.org/10.1103/PhysRevB.95.060501}}

@article{Zocher2012Proposed,
	Author = {Zocher, Bj\"orn and Horsdal, Mats and Rosenow, Bernd},
	Date-Added = {2018-10-23 13:08:43 +0000},
	Date-Modified = {2018-10-23 13:08:43 +0000},
	Doi = {10.1103/PhysRevLett.109.227001},
	Issue = {22},
	Journal = {Phys. Rev. Lett.},
	Month = {Nov},
	Numpages = {5},
	Pages = {227001},
	Publisher = {American Physical Society},
	Title = {Proposed Detection of the Topological Phase in Ring-Shaped Semiconductor-Superconductor Nanowires Using Coulomb Blockade Transport},
	Url = {https://link.aps.org/doi/10.1103/PhysRevLett.109.227001},
	Volume = {109},
	Year = {2012},
	Bdsk-Url-1 = {https://link.aps.org/doi/10.1103/PhysRevLett.109.227001},
	Bdsk-Url-2 = {http://dx.doi.org/10.1103/PhysRevLett.109.227001}}

@article{Fu2009Josephson,
	Author = {Fu, Liang and Kane, C. L.},
	Date-Added = {2018-10-23 13:08:14 +0000},
	Date-Modified = {2018-10-23 13:08:14 +0000},
	Doi = {10.1103/PhysRevB.79.161408},
	Issue = {16},
	Journal = {Phys. Rev. B},
	Month = {Apr},
	Numpages = {4},
	Pages = {161408},
	Publisher = {American Physical Society},
	Title = {Josephson current and noise at a superconductor/quantum-spin-Hall-insulator/superconductor junction},
	Url = {https://link.aps.org/doi/10.1103/PhysRevB.79.161408},
	Volume = {79},
	Year = {2009},
	Bdsk-Url-1 = {https://link.aps.org/doi/10.1103/PhysRevB.79.161408},
	Bdsk-Url-2 = {http://dx.doi.org/10.1103/PhysRevB.79.161408}}

@article{Kwon2004Fractional,
	Abstract = {For certain orientations of Josephson junctions between two p                                  x                -wave or two d-wave superconductors, the subgap Andreev bound states produce a                                                                           {\$}4{\backslash}pi{\$}                -periodic relation between the Josephson current I and the phase difference                                                                           {\$}{\backslash}phi{\$}                :                                                                           {\$}I{\backslash}propto{\backslash}sin({\backslash}phi/2){\$}                . Consequently, the ac Josephson current has the fractional frequency                                                                           {\$}eV/{\backslash}hbar{\$}                , where V is the dc voltage. In the tunneling limit, the Josephson current is proportional to the first power (not square) of the electron tunneling amplitude. Thus, the Josephson current between unconventional superconductors is carried by single electrons, rather than by Cooper pairs. The fractional ac Josephson effect can be observed experimentally by measuring frequency spectrum of microwave radiation from the junction. We also study junctions between singlet s-wave and triplet p                                  x                -wave, as well as between chiral                                                                           {\$}p{\_}x{\backslash}pm ip{\_}y{\$}                -wave superconductors.},
	Author = {Kwon, H.-J. and Sengupta, K. and Yakovenko, V. M.},
	Date-Added = {2018-10-23 13:04:42 +0000},
	Date-Modified = {2018-10-23 13:04:42 +0000},
	Day = {01},
	Doi = {10.1140/epjb/e2004-00066-4},
	Issn = {1434-6036},
	Journal = {Eur. Phys. J. B},
	Month = {Feb},
	Number = {3},
	Pages = {349--361},
	Title = {Fractional ac Josephson effect in p- and d-wave superconductors},
	Url = {https://doi.org/10.1140/epjb/e2004-00066-4},
	Volume = {37},
	Year = {2004},
	Bdsk-Url-1 = {https://doi.org/10.1140/epjb/e2004-00066-4},
	Bdsk-Url-2 = {http://dx.doi.org/10.1140/epjb/e2004-00066-4}}

@article{Fu2010Electron,
	Author = {Fu, Liang},
	Date-Added = {2018-10-23 12:56:07 +0000},
	Date-Modified = {2018-10-23 12:56:22 +0000},
	Doi = {10.1103/PhysRevLett.104.056402},
	Issue = {5},
	Journal = {Phys. Rev. Lett.},
	Month = {Feb},
	Numpages = {4},
	Pages = {056402},
	Publisher = {American Physical Society},
	Title = {Electron Teleportation via Majorana Bound States in a Mesoscopic Superconductor},
	Url = {https://link.aps.org/doi/10.1103/PhysRevLett.104.056402},
	Volume = {104},
	Year = {2010},
	Bdsk-Url-1 = {https://link.aps.org/doi/10.1103/PhysRevLett.104.056402},
	Bdsk-Url-2 = {http://dx.doi.org/10.1103/PhysRevLett.104.056402}}

@article{Mikkelsen2018Hybridization,
	Author = {Mikkelsen, August E. G. and Kotetes, Panagiotis and Krogstrup, Peter and Flensberg, Karsten},
	Date-Added = {2018-10-12 10:49:55 +0000},
	Date-Modified = {2018-10-12 10:50:06 +0000},
	Doi = {10.1103/PhysRevX.8.031040},
	Issue = {3},
	Journal = {Phys. Rev. X},
	Month = {Aug},
	Numpages = {17},
	Pages = {031040},
	Publisher = {American Physical Society},
	Title = {Hybridization at Superconductor-Semiconductor Interfaces},
	Url = {https://link.aps.org/doi/10.1103/PhysRevX.8.031040},
	Volume = {8},
	Year = {2018},
	Bdsk-Url-1 = {https://link.aps.org/doi/10.1103/PhysRevX.8.031040},
	Bdsk-Url-2 = {http://dx.doi.org/10.1103/PhysRevX.8.031040}}

@article{Antipov2018Effects,
	Author = {Antipov, Andrey E. and Bargerbos, Arno and Winkler, Georg W. and Bauer, Bela and Rossi, Enrico and Lutchyn, Roman M.},
	Date-Added = {2018-10-12 10:48:56 +0000},
	Date-Modified = {2020-08-25 11:28:34 +0000},
	Doi = {10.1103/PhysRevX.8.031041},
	Issue = {3},
	Journal = {Phys. Rev. X},
	Month = {Aug},
	Numpages = {18},
	Pages = {031041},
	Publisher = {American Physical Society},
	Title = {Effects of Gate-Induced Electric Fields on Semiconductor {M}ajorana Nanowires},
	Url = {https://link.aps.org/doi/10.1103/PhysRevX.8.031041},
	Volume = {8},
	Year = {2018},
	Bdsk-Url-1 = {https://link.aps.org/doi/10.1103/PhysRevX.8.031041},
	Bdsk-Url-2 = {http://dx.doi.org/10.1103/PhysRevX.8.031041}}

@article{Woods2018Effective,
	Author = {Woods, Benjamin D. and Stanescu, Tudor D. and Das Sarma, Sankar},
	Date-Added = {2018-10-12 10:46:52 +0000},
	Date-Modified = {2020-07-20 09:52:13 +0000},
	Doi = {10.1103/PhysRevB.98.035428},
	Issue = {3},
	Journal = {Phys. Rev. B},
	Month = {Jul},
	Numpages = {28},
	Pages = {035428},
	Publisher = {American Physical Society},
	Title = {Effective theory approach to the {S}chr\"odinger-{P}oisson problem in semiconductor {M}ajorana devices},
	Url = {https://link.aps.org/doi/10.1103/PhysRevB.98.035428},
	Volume = {98},
	Year = {2018},
	Bdsk-Url-1 = {https://link.aps.org/doi/10.1103/PhysRevB.98.035428},
	Bdsk-Url-2 = {http://dx.doi.org/10.1103/PhysRevB.98.035428}}

@article{Plugge2017Majorana,
	Abstract = {Quantum information protected by the topology of the storage medium is expected to exhibit long coherence times. Another feature is topologically protected gates generated through braiding of Majorana bound states (MBSs). However, braiding requires structures with branched topological segments which have inherent difficulties in the semiconductor--superconductor heterostructures now believed to host MBSs. In this paper, we construct quantum bits taking advantage of the topological protection and non-local properties of MBSs in a network of parallel wires, but without relying on braiding for quantum gates. The elementary unit is made from three topological wires, two wires coupled by a trivial superconductor and the third acting as an interference arm. Coulomb blockade of the combined wires spawns a fractionalized spin, non-locally addressable by quantum dots used for single-qubit readout, initialization, and manipulation. We describe how the same tools allow for measurement-based implementation of the Clifford gates, in total making the architecture universal. Proof-of-principle demonstration of topologically protected qubits using existing techniques is therefore within reach.},
	Author = {Stephan Plugge and Asbj{\o}rn Rasmussen and Reinhold Egger and Karsten Flensberg},
	Date-Added = {2018-10-11 06:16:30 +0000},
	Date-Modified = {2018-10-11 06:16:30 +0000},
	Journal = {New Journal of Physics},
	Number = {1},
	Pages = {012001},
	Title = {Majorana box qubits},
	Url = {http://stacks.iop.org/1367-2630/19/i=1/a=012001},
	Volume = {19},
	Year = {2017},
	Bdsk-Url-1 = {http://stacks.iop.org/1367-2630/19/i=1/a=012001}}

@article{Aasen2016Milestones,
	Author = {Aasen, David and Hell, Michael and Mishmash, Ryan V. and Higginbotham, Andrew and Danon, Jeroen and Leijnse, Martin and Jespersen, Thomas S. and Folk, Joshua A. and Marcus, Charles M. and Flensberg, Karsten and Alicea, Jason},
	Date-Added = {2018-10-11 06:16:18 +0000},
	Date-Modified = {2018-10-11 06:16:18 +0000},
	Doi = {10.1103/PhysRevX.6.031016},
	Issue = {3},
	Journal = {Phys. Rev. X},
	Month = {Aug},
	Numpages = {28},
	Pages = {031016},
	Publisher = {American Physical Society},
	Title = {Milestones Toward Majorana-Based Quantum Computing},
	Url = {https://link.aps.org/doi/10.1103/PhysRevX.6.031016},
	Volume = {6},
	Year = {2016},
	Bdsk-Url-1 = {https://link.aps.org/doi/10.1103/PhysRevX.6.031016},
	Bdsk-Url-2 = {http://dx.doi.org/10.1103/PhysRevX.6.031016}}

@article{Ivanov2001NonAbelian,
	Author = {Ivanov, D. A.},
	Date-Added = {2018-10-11 06:16:04 +0000},
	Date-Modified = {2018-10-11 06:16:04 +0000},
	Doi = {10.1103/PhysRevLett.86.268},
	Issue = {2},
	Journal = {Phys. Rev. Lett.},
	Month = {Jan},
	Numpages = {0},
	Pages = {268--271},
	Publisher = {American Physical Society},
	Title = {Non-Abelian Statistics of Half-Quantum Vortices in $\mathit{p}$-Wave Superconductors},
	Url = {https://link.aps.org/doi/10.1103/PhysRevLett.86.268},
	Volume = {86},
	Year = {2001},
	Bdsk-Url-1 = {https://link.aps.org/doi/10.1103/PhysRevLett.86.268},
	Bdsk-Url-2 = {http://dx.doi.org/10.1103/PhysRevLett.86.268}}

@article{Karzig2017Scalable,
	Author = {Karzig, Torsten and Knapp, Christina and Lutchyn, Roman M. and Bonderson, Parsa and Hastings, Matthew B. and Nayak, Chetan and Alicea, Jason and Flensberg, Karsten and Plugge, Stephan and Oreg, Yuval and Marcus, Charles M. and Freedman, Michael H.},
	Date-Added = {2018-10-11 06:15:46 +0000},
	Date-Modified = {2018-10-11 06:15:46 +0000},
	Doi = {10.1103/PhysRevB.95.235305},
	Issue = {23},
	Journal = {Phys. Rev. B},
	Month = {Jun},
	Numpages = {32},
	Pages = {235305},
	Publisher = {American Physical Society},
	Title = {Scalable designs for quasiparticle-poisoning-protected topological quantum computation with Majorana zero modes},
	Url = {https://link.aps.org/doi/10.1103/PhysRevB.95.235305},
	Volume = {95},
	Year = {2017},
	Bdsk-Url-1 = {https://link.aps.org/doi/10.1103/PhysRevB.95.235305},
	Bdsk-Url-2 = {http://dx.doi.org/10.1103/PhysRevB.95.235305}}

@article{Zhang2017Ballistic,
	Author = {Zhang, Hao and G{\"u}l, {\"O}nder and Conesa-Boj, Sonia and Nowak, Micha{\l}P. and Wimmer, Michael and Zuo, Kun and Mourik, Vincent and de Vries, Folkert K. and van Veen, Jasper and de Moor, Michiel W. A. and Bommer, Jouri D. S. and van Woerkom, David J. and Car, Diana and Plissard, S{\'e}bastien R and Bakkers, Erik P. A. M. and Quintero-P{\'e}rez, Marina and Cassidy, Maja C. and Koelling, Sebastian and Goswami, Srijit and Watanabe, Kenji and Taniguchi, Takashi and Kouwenhoven, Leo P.},
	Date = {2017/07/06/online},
	Date-Added = {2018-10-06 10:37:16 +0000},
	Date-Modified = {2018-10-06 10:37:24 +0000},
	Day = {06},
	Journal = {Nature Communications},
	L3 = {10.1038/ncomms16025; https://www.nature.com/articles/ncomms16025#supplementary-information},
	M3 = {Article},
	Month = {07},
	Pages = {16025 EP -},
	Publisher = {The Author(s) SN -},
	Title = {Ballistic superconductivity in semiconductor nanowires},
	Ty = {JOUR},
	Url = {http://dx.doi.org/10.1038/ncomms16025},
	Volume = {8},
	Year = {2017},
	Bdsk-Url-1 = {http://dx.doi.org/10.1038/ncomms16025}}

@article{Lutchyn2018Majorana,
	Abstract = {Realizing topological superconductivity and Majorana zero modes in the laboratory is a major goal in condensed-matter physics. In this Review, we survey the current status of this rapidly developing field, focusing on proposals for the realization of topological superconductivity in semiconductor--superconductor heterostructures. We examine materials science progress in growing InAs and InSb semiconductor nanowires and characterizing these systems. We then discuss the observation of robust signatures of Majorana zero modes in recent experiments, paying particular attention to zero-bias tunnelling conduction measurements and Coulomb blockade experiments. We also outline several next-generation experiments probing exotic properties of Majorana zero modes, including fusion rules and non-Abelian exchange statistics. Finally, we discuss prospects for implementing Majorana-based topological quantum computation.},
	Author = {Lutchyn, R. M. and Bakkers, E. P. A. M. and Kouwenhoven, L. P. and Krogstrup, P. and Marcus, C. M. and Oreg, Y.},
	Da = {2018/05/01},
	Date-Added = {2018-10-06 09:38:26 +0000},
	Date-Modified = {2018-10-06 09:40:38 +0000},
	Doi = {10.1038/s41578-018-0003-1},
	Id = {Lutchyn2018},
	Isbn = {2058-8437},
	Journal = {Nat. Rev. Mater.},
	Number = {5},
	Pages = {52--68},
	Title = {Majorana zero modes in superconductor--semiconductor heterostructures},
	Ty = {JOUR},
	Url = {https://doi.org/10.1038/s41578-018-0003-1},
	Volume = {3},
	Year = {2018},
	Bdsk-Url-1 = {https://doi.org/10.1038/s41578-018-0003-1},
	Bdsk-Url-2 = {http://dx.doi.org/10.1038/s41578-018-0003-1}}

@article{Aguado2017Majorana,
	Author = {Aguado, R},
	Date-Added = {2018-10-06 09:30:51 +0000},
	Date-Modified = {2018-10-06 09:34:37 +0000},
	Journal = {Riv. Nuovo Cimento},
	Pages = {523},
	Title = {Majorana quasiparticles in condensed matter},
	Url = {https://www.sif.it/riviste/sif/ncr/econtents/2017/040/11/article/0},
	Volume = {40},
	Year = {2017},
	Bdsk-Url-1 = {https://www.sif.it/riviste/sif/ncr/econtents/2017/040/11/article/0}}

@article{Sato2017Topological,
	Abstract = {This review elaborates pedagogically on the fundamental concept, basic theory, expected properties, and materials realizations of topological superconductors. The relation between topological superconductivity and Majorana fermions are explained, and the difference between dispersive Majorana fermions and a localized Majorana zero mode is emphasized. A variety of routes to topological superconductivity are explained with an emphasis on the roles of spin--orbit coupling. Present experimental situations and possible signatures of topological superconductivity are summarized with an emphasis on intrinsic topological superconductors.},
	Author = {Masatoshi Sato and Yoichi Ando},
	Date-Added = {2018-10-06 09:29:34 +0000},
	Date-Modified = {2018-10-06 09:41:29 +0000},
	Journal = {Rep. Prog. Phys.},
	Number = {7},
	Pages = {076501},
	Title = {Topological superconductors: a review},
	Url = {http://stacks.iop.org/0034-4885/80/i=7/a=076501},
	Volume = {80},
	Year = {2017},
	Bdsk-Url-1 = {http://stacks.iop.org/0034-4885/80/i=7/a=076501}}

@article{Liu2018Distinguishing,
	Author = {Liu, Chun-Xiao and Sau, Jay D. and Das Sarma, S.},
	Date-Added = {2018-08-17 00:47:58 +0000},
	Date-Modified = {2018-08-17 00:51:39 +0000},
	Doi = {10.1103/PhysRevB.97.214502},
	Issue = {21},
	Journal = {Phys. Rev. B},
	Month = {Jun},
	Numpages = {7},
	Pages = {214502},
	Publisher = {American Physical Society},
	Title = {Distinguishing topological Majorana bound states from trivial Andreev bound states: Proposed tests through differential tunneling conductance spectroscopy},
	Url = {https://link.aps.org/doi/10.1103/PhysRevB.97.214502},
	Volume = {97},
	Year = {2018},
	Bdsk-Url-1 = {https://link.aps.org/doi/10.1103/PhysRevB.97.214502},
	Bdsk-Url-2 = {http://dx.doi.org/10.1103/PhysRevB.97.214502}}

@article{Liu2017Andreev,
	Author = {Liu, Chun-Xiao and Sau, Jay D. and Stanescu, Tudor D. and Das Sarma, S.},
	Date-Added = {2018-06-09 01:26:58 +0000},
	Date-Modified = {2018-06-09 01:27:04 +0000},
	Doi = {10.1103/PhysRevB.96.075161},
	Issue = {7},
	Journal = {Phys. Rev. B},
	Month = {Aug},
	Numpages = {29},
	Pages = {075161},
	Publisher = {American Physical Society},
	Title = {Andreev bound states versus Majorana bound states in quantum dot-nanowire-superconductor hybrid structures: Trivial versus topological zero-bias conductance peaks},
	Url = {https://link.aps.org/doi/10.1103/PhysRevB.96.075161},
	Volume = {96},
	Year = {2017},
	Bdsk-Url-1 = {https://link.aps.org/doi/10.1103/PhysRevB.96.075161},
	Bdsk-Url-2 = {http://dx.doi.org/10.1103/PhysRevB.96.075161}}

@article{Liu2018Measuring,
	Author = {Liu, Chun-Xiao and Sau, Jay D},
	Date-Added = {2018-03-14 17:34:34 +0000},
	Date-Modified = {2018-03-14 17:38:37 +0000},
	Journal = {arXiv:1803.01872},
	Title = {Measuring the topological invariant using Coulomb blockaded topological superconductors},
	Url = {https://arxiv.org/abs/1803.01872},
	Year = {2018},
	Bdsk-Url-1 = {https://arxiv.org/abs/1803.01872}}

@article{Prada2017Measuring,
	Author = {Prada, Elsa and Aguado, Ram\'on and San-Jose, Pablo},
	Date-Added = {2018-01-16 02:17:00 +0000},
	Date-Modified = {2018-01-16 02:17:09 +0000},
	Doi = {10.1103/PhysRevB.96.085418},
	Issue = {8},
	Journal = {Phys. Rev. B},
	Month = {Aug},
	Numpages = {10},
	Pages = {085418},
	Publisher = {American Physical Society},
	Title = {Measuring Majorana nonlocality and spin structure with a quantum dot},
	Url = {https://link.aps.org/doi/10.1103/PhysRevB.96.085418},
	Volume = {96},
	Year = {2017},
	Bdsk-Url-1 = {https://link.aps.org/doi/10.1103/PhysRevB.96.085418},
	Bdsk-Url-2 = {http://dx.doi.org/10.1103/PhysRevB.96.085418}}

@article{Clarke2017Experimentally,
	Author = {Clarke, David J.},
	Date-Added = {2018-01-16 02:15:14 +0000},
	Date-Modified = {2018-01-16 02:16:03 +0000},
	Doi = {10.1103/PhysRevB.96.201109},
	Issue = {20},
	Journal = {Phys. Rev. B},
	Month = {Nov},
	Numpages = {5},
	Pages = {201109},
	Publisher = {American Physical Society},
	Title = {Experimentally accessible topological quality factor for wires with zero energy modes},
	Url = {https://link.aps.org/doi/10.1103/PhysRevB.96.201109},
	Volume = {96},
	Year = {2017},
	Bdsk-Url-1 = {https://link.aps.org/doi/10.1103/PhysRevB.96.201109},
	Bdsk-Url-2 = {http://dx.doi.org/10.1103/PhysRevB.96.201109}}

@article{Gul2018Ballistic,
	Abstract = {Majorana modes are zero-energy excitations of a topological superconductor that exhibit non-Abelian statistics1--3. Following proposals for their detection in a semiconductor nanowire coupled to an s-wave superconductor4,5, several tunnelling experiments reported characteristic Majorana signatures6--11. Reducing disorder has been a prime challenge for these experiments because disorder can mimic the zero-energy signatures of Majoranas12--16, and renders the topological properties inaccessible17--20. Here, we show characteristic Majorana signatures in InSb nanowire devices exhibiting clear ballistic transport properties. Application of a magnetic field and spatial control of carrier density using local gates generates a zero bias peak that is rigid over a large region in the parameter space of chemical potential, Zeeman energy and tunnel barrier potential. The reduction of disorder allows us to resolve separate regions in the parameter space with and without a zero bias peak, indicating topologically distinct phases. These observations are consistent with the Majorana theory in a ballistic system                21              , and exclude the known alternative explanations that invoke disorder12--16 or a nonuniform chemical potential22,23.},
	Author = {G{\"u}l, {\"O}nder and Zhang, Hao and Bommer, Jouri D. S. and de Moor, Michiel W. A. and Car, Diana and Plissard, S{\'e}bastien R. and Bakkers, Erik P. A. M. and Geresdi, Attila and Watanabe, Kenji and Taniguchi, Takashi and Kouwenhoven, Leo P.},
	Da = {2018/01/15},
	Date-Added = {2018-01-16 02:02:53 +0000},
	Date-Modified = {2020-05-16 18:00:52 +0000},
	Id = {G{\"u}l2018},
	Isbn = {1748-3395},
	Journal = {Nat. Nanotechnol.},
	Pages = {192},
	Title = {Ballistic {M}ajorana nanowire devices},
	Ty = {JOUR},
	Volume = {13},
	Year = {2018},
	Bdsk-Url-1 = {https://doi.org/10.1038/s41565-017-0032-8},
	Bdsk-Url-2 = {http://dx.doi.org/10.1038/s41565-017-0032-8}}

@article{Chiu2017Conductance,
	Author = {Chiu, Ching-Kai and Sau, Jay D. and Das Sarma, S.},
	Date-Added = {2017-12-08 19:59:54 +0000},
	Date-Modified = {2017-12-08 20:00:01 +0000},
	Doi = {10.1103/PhysRevB.96.054504},
	Issue = {5},
	Journal = {Phys. Rev. B},
	Month = {Aug},
	Numpages = {23},
	Pages = {054504},
	Publisher = {American Physical Society},
	Title = {Conductance of a superconducting Coulomb-blockaded Majorana nanowire},
	Url = {https://link.aps.org/doi/10.1103/PhysRevB.96.054504},
	Volume = {96},
	Year = {2017},
	Bdsk-Url-1 = {https://link.aps.org/doi/10.1103/PhysRevB.96.054504},
	Bdsk-Url-2 = {http://dx.doi.org/10.1103/PhysRevB.96.054504}}

@article{Rokhinson2012Fractional,
	Author = {Rokhinson, Leonid P and Liu, Xinyu and Furdyna, Jacek K},
	Date-Added = {2017-12-08 19:56:07 +0000},
	Date-Modified = {2017-12-08 19:57:17 +0000},
	Journal = {Nat. Phys.},
	Number = {11},
	Pages = {795--799},
	Publisher = {Nature Research},
	Title = {The fractional ac Josephson effect in a semiconductor-superconductor nanowire as a signature of Majorana particles},
	Url = {https://www.nature.com/articles/nphys2429},
	Volume = {8},
	Year = {2012},
	Bdsk-Url-1 = {https://www.nature.com/articles/nphys2429}}

@article{Hell2018Distinguishing,
	Author = {Hell, Michael and Flensberg, Karsten and Leijnse, Martin},
	Date-Modified = {2018-10-23 13:21:04 +0000},
	Doi = {10.1103/PhysRevB.97.161401},
	Issue = {16},
	Journal = {Phys. Rev. B},
	Month = {Apr},
	Numpages = {6},
	Pages = {161401},
	Publisher = {American Physical Society},
	Title = {Distinguishing Majorana bound states from localized Andreev bound states by interferometry},
	Url = {https://link.aps.org/doi/10.1103/PhysRevB.97.161401},
	Volume = {97},
	Year = {2018},
	Bdsk-Url-1 = {https://link.aps.org/doi/10.1103/PhysRevB.97.161401},
	Bdsk-Url-2 = {http://dx.doi.org/10.1103/PhysRevB.97.161401}}

@article{Zazunov2016Low-energy,
	Author = {Zazunov, A. and Egger, R. and Levy Yeyati, A.},
	Date-Modified = {2020-05-16 18:03:25 +0000},
	Doi = {10.1103/PhysRevB.94.014502},
	Issue = {1},
	Journal = {Phys. Rev. B},
	Month = {Jul},
	Numpages = {15},
	Pages = {014502},
	Publisher = {American Physical Society},
	Title = {Low-energy theory of transport in {M}ajorana wire junctions},
	Url = {https://link.aps.org/doi/10.1103/PhysRevB.94.014502},
	Volume = {94},
	Year = {2016},
	Bdsk-Url-1 = {https://link.aps.org/doi/10.1103/PhysRevB.94.014502},
	Bdsk-Url-2 = {http://dx.doi.org/10.1103/PhysRevB.94.014502}}

@article{Chiu2017Interference,
	Author = {Chiu, Ching-Kai and Sau, Jay D. and Das Sarma, S.},
	Doi = {10.1103/PhysRevB.97.035310},
	Issue = {3},
	Journal = {Phys. Rev. B},
	Month = {Jan},
	Numpages = {8},
	Pages = {035310},
	Publisher = {American Physical Society},
	Title = {Conductance interference in a superconducting Coulomb blockaded Majorana ring},
	Url = {https://link.aps.org/doi/10.1103/PhysRevB.97.035310},
	Volume = {97},
	Year = {2018},
	Bdsk-Url-1 = {https://link.aps.org/doi/10.1103/PhysRevB.97.035310},
	Bdsk-Url-2 = {http://dx.doi.org/10.1103/PhysRevB.97.035310}}

@article{Nichele2017Scaling,
	Author = {Nichele, Fabrizio and Drachmann, Asbj\o{}rn C. C. and Whiticar, Alexander M. and O'Farrell, Eoin C. T. and Suominen, Henri J. and Fornieri, Antonio and Wang, Tian and Gardner, Geoffrey C. and Thomas, Candice and Hatke, Anthony T. and Krogstrup, Peter and Manfra, Michael J. and Flensberg, Karsten and Marcus, Charles M.},
	Date-Added = {2017-12-07 21:58:09 +0000},
	Date-Modified = {2020-05-16 18:01:24 +0000},
	Doi = {10.1103/PhysRevLett.119.136803},
	Issue = {13},
	Journal = {Phys. Rev. Lett.},
	Month = {Sep},
	Numpages = {5},
	Pages = {136803},
	Publisher = {American Physical Society},
	Title = {Scaling of {M}ajorana Zero-Bias Conductance Peaks},
	Url = {https://link.aps.org/doi/10.1103/PhysRevLett.119.136803},
	Volume = {119},
	Year = {2017},
	Bdsk-Url-1 = {https://link.aps.org/doi/10.1103/PhysRevLett.119.136803},
	Bdsk-Url-2 = {http://dx.doi.org/10.1103/PhysRevLett.119.136803}}

@article{Chen2017Experimental,
	Abstract = {Topological superconductivity is an exotic state of matter characterized by spinless p-wave Cooper pairing of electrons and by Majorana zero modes at the edges. The first signature of topological superconductivity is a robust zero-bias peak in tunneling conductance. We perform tunneling experiments on semiconductor nanowires (InSb) coupled to superconductors (NbTiN) and establish the zero-bias peak phase in the space of gate voltage and external magnetic field. Our findings are consistent with calculations for a finite-length topological nanowire and provide means for Majorana manipulation as required for braiding and topological quantum bits.},
	Author = {Chen, Jun and Yu, Peng and Stenger, John and Hocevar, Mo{\"\i}ra and Car, Diana and Plissard, S{\'e}bastien R. and Bakkers, Erik P. A. M. and Stanescu, Tudor D. and Frolov, Sergey M.},
	Date-Added = {2017-12-07 21:48:27 +0000},
	Date-Modified = {2017-12-07 21:49:01 +0000},
	Doi = {10.1126/sciadv.1701476},
	Journal = {Science Advances},
	Number = {9},
	Publisher = {American Association for the Advancement of Science},
	Title = {Experimental phase diagram of zero-bias conductance peaks in superconductor/semiconductor nanowire devices},
	Url = {http://advances.sciencemag.org/content/3/9/e1701476},
	Volume = {3},
	Year = {2017},
	Bdsk-Url-1 = {http://advances.sciencemag.org/content/3/9/e1701476},
	Bdsk-Url-2 = {http://dx.doi.org/10.1126/sciadv.1701476}}

@article{Sato2016Majorana,
	Author = {Masatoshi Sato and Satoshi Fujimoto},
	Date-Added = {2017-12-07 21:34:44 +0000},
	Date-Modified = {2017-12-07 21:40:17 +0000},
	Doi = {10.7566/JPSJ.85.072001},
	Journal = {J. Phys. Soc. Jpn.},
	Number = {7},
	Pages = {072001},
	Title = {Majorana Fermions and Topology in Superconductors},
	Url = {https://doi.org/10.7566/JPSJ.85.072001},
	Volume = {85},
	Year = {2016},
	Bdsk-Url-1 = {https://doi.org/10.7566/JPSJ.85.072001},
	Bdsk-Url-2 = {http://dx.doi.org/10.7566/JPSJ.85.072001}}

@article{Beenakker2015Random,
	Author = {Beenakker, CWJ},
	Date-Added = {2017-06-12 00:32:14 +0000},
	Date-Modified = {2017-06-12 00:32:21 +0000},
	Journal = {Reviews of Modern Physics},
	Number = {3},
	Pages = {1037},
	Publisher = {APS},
	Title = {Random-matrix theory of Majorana fermions and topological superconductors},
	Volume = {87},
	Year = {2015}}

@article{Stenger2017Tunneling,
	Author = {Stenger, John and Stanescu, Tudor D.},
	Doi = {10.1103/PhysRevB.96.214516},
	Issue = {21},
	Journal = {Phys. Rev. B},
	Month = {Dec},
	Numpages = {15},
	Pages = {214516},
	Publisher = {American Physical Society},
	Title = {Tunneling conductance in semiconductor-superconductor hybrid structures},
	Url = {https://link.aps.org/doi/10.1103/PhysRevB.96.214516},
	Volume = {96},
	Year = {2017},
	Bdsk-Url-1 = {https://link.aps.org/doi/10.1103/PhysRevB.96.214516},
	Bdsk-Url-2 = {http://dx.doi.org/10.1103/PhysRevB.96.214516}}

@article{Gul2017Hard,
	Author = {G{\"u}l, {\"O}nder and Zhang, Hao and de Vries, Folkert K. and van Veen, Jasper and Zuo, Kun and Mourik, Vincent and Conesa-Boj, Sonia and Nowak, Micha{\l} P. and van Woerkom, David J. and Quintero-P{\'e}rez, Marina and Cassidy, Maja C. and Geresdi, Attila and Koelling, Sebastian and Car, Diana and Plissard, S{\'e}bastien R. and Bakkers, Erik P. A. M. and Kouwenhoven, Leo P.},
	Date-Added = {2017-05-30 18:57:42 +0000},
	Date-Modified = {2020-05-16 18:00:46 +0000},
	Doi = {10.1021/acs.nanolett.7b00540},
	Journal = {Nano Letters},
	Number = {4},
	Pages = {2690-2696},
	Title = {Hard Superconducting Gap in {I}n{S}b Nanowires},
	Url = {http://dx.doi.org/10.1021/acs.nanolett.7b00540},
	Volume = {17},
	Year = {2017},
	Bdsk-Url-1 = {http://dx.doi.org/10.1021/acs.nanolett.7b00540}}

@article{Chang2015Hard,
	Author = {Chang, W. and Albrecht, S. M. and Jespersen, T. S. and Kuemmeth, F. and Krogstrup, P. and Nyg{\aa}rd, J. and Marcus, C. M.},
	Date = {2015/03//print},
	Date-Added = {2017-05-30 18:49:47 +0000},
	Date-Modified = {2017-05-30 18:53:24 +0000},
	Isbn = {1748-3387},
	Journal = {Nat. Nanotechnol.},
	L3 = {10.1038/nnano.2014.306; http://www.nature.com/nnano/journal/v10/n3/abs/nnano.2014.306.html#supplementary-information},
	M3 = {Letter},
	Month = {03},
	Number = {3},
	Pages = {232--236},
	Publisher = {Nature Publishing Group},
	Title = {Hard gap in epitaxial semiconductor--superconductor nanowires},
	Ty = {JOUR},
	Url = {http://dx.doi.org/10.1038/nnano.2014.306},
	Volume = {10},
	Year = {2015},
	Bdsk-Url-1 = {http://dx.doi.org/10.1038/nnano.2014.306}}

@article{Cole2016Proximity,
	Author = {Cole, William S. and Sau, Jay D. and Das Sarma, S.},
	Date-Added = {2017-05-30 18:38:11 +0000},
	Date-Modified = {2017-05-30 18:38:20 +0000},
	Doi = {10.1103/PhysRevB.94.140505},
	Issue = {14},
	Journal = {Phys. Rev. B},
	Month = {Oct},
	Numpages = {5},
	Pages = {140505},
	Publisher = {American Physical Society},
	Title = {Proximity effect and Majorana bound states in clean semiconductor nanowires coupled to disordered superconductors},
	Url = {https://link.aps.org/doi/10.1103/PhysRevB.94.140505},
	Volume = {94},
	Year = {2016},
	Bdsk-Url-1 = {https://link.aps.org/doi/10.1103/PhysRevB.94.140505},
	Bdsk-Url-2 = {http://dx.doi.org/10.1103/PhysRevB.94.140505}}

@article{Read2000Paired,
	Author = {Read, N. and Green, Dmitry},
	Date-Added = {2017-05-28 03:05:14 +0000},
	Date-Modified = {2017-05-28 03:05:23 +0000},
	Doi = {10.1103/PhysRevB.61.10267},
	Issue = {15},
	Journal = {Phys. Rev. B},
	Month = {Apr},
	Numpages = {0},
	Pages = {10267--10297},
	Publisher = {American Physical Society},
	Title = {Paired states of fermions in two dimensions with breaking of parity and time-reversal symmetries and the fractional quantum Hall effect},
	Url = {https://link.aps.org/doi/10.1103/PhysRevB.61.10267},
	Volume = {61},
	Year = {2000},
	Bdsk-Url-1 = {https://link.aps.org/doi/10.1103/PhysRevB.61.10267},
	Bdsk-Url-2 = {http://dx.doi.org/10.1103/PhysRevB.61.10267}}

@article{Schuray2017Fano,
	Author = {Schuray, Alexander and Weithofer, Luzie and Recher, Patrik},
	Doi = {10.1103/PhysRevB.96.085417},
	Issue = {8},
	Journal = {Phys. Rev. B},
	Month = {Aug},
	Numpages = {10},
	Pages = {085417},
	Publisher = {American Physical Society},
	Title = {Fano resonances in Majorana bound states--quantum dot hybrid systems},
	Url = {https://link.aps.org/doi/10.1103/PhysRevB.96.085417},
	Volume = {96},
	Year = {2017},
	Bdsk-Url-1 = {https://link.aps.org/doi/10.1103/PhysRevB.96.085417},
	Bdsk-Url-2 = {http://dx.doi.org/10.1103/PhysRevB.96.085417}}

@misc{Flensberg2017Note,
	Date-Added = {2017-05-11 20:40:54 +0000},
	Date-Modified = {2017-05-11 20:42:22 +0000},
	Note = {See the supplementary material in Ref. 20}}

@article{Sau2010Robustness,
	Author = {Sau, Jay D. and Lutchyn, Roman M. and Tewari, Sumanta and Das Sarma, S.},
	Date-Added = {2017-04-26 01:22:45 +0000},
	Date-Modified = {2017-04-26 01:22:56 +0000},
	Doi = {10.1103/PhysRevB.82.094522},
	Issue = {9},
	Journal = {Phys. Rev. B},
	Month = {Sep},
	Numpages = {7},
	Pages = {094522},
	Publisher = {American Physical Society},
	Title = {Robustness of Majorana fermions in proximity-induced superconductors},
	Url = {https://link.aps.org/doi/10.1103/PhysRevB.82.094522},
	Volume = {82},
	Year = {2010},
	Bdsk-Url-1 = {https://link.aps.org/doi/10.1103/PhysRevB.82.094522},
	Bdsk-Url-2 = {http://dx.doi.org/10.1103/PhysRevB.82.094522}}

@article{Mi2014X,
	Author = {Mi, Shuo and Pikulin, DI and Marciani, M and Beenakker, CWJ},
	Date-Added = {2017-04-22 13:52:28 +0000},
	Date-Modified = {2017-04-22 13:55:52 +0000},
	Journal = {JETP},
	Number = {6},
	Pages = {1018--1027},
	Title = {X-shaped and Y-shaped Andreev resonance profiles in a superconducting quantum dot},
	Url = {https://inis.iaea.org/search/search.aspx?orig_q=RN:47042298},
	Volume = {119},
	Year = {2014},
	Bdsk-Url-1 = {https://inis.iaea.org/search/search.aspx?orig_q=RN:47042298}}

@article{Beenakker1997Random,
	Author = {Beenakker, C. W. J.},
	Date-Added = {2017-04-22 13:46:06 +0000},
	Date-Modified = {2017-04-22 13:46:27 +0000},
	Doi = {10.1103/RevModPhys.69.731},
	Issue = {3},
	Journal = {Rev. Mod. Phys.},
	Month = {Jul},
	Numpages = {0},
	Pages = {731--808},
	Publisher = {American Physical Society},
	Title = {Random-matrix theory of quantum transport},
	Url = {https://link.aps.org/doi/10.1103/RevModPhys.69.731},
	Volume = {69},
	Year = {1997},
	Bdsk-Url-1 = {https://link.aps.org/doi/10.1103/RevModPhys.69.731},
	Bdsk-Url-2 = {http://dx.doi.org/10.1103/RevModPhys.69.731}}

@misc{Marcus2017PrivateCom,
	Date-Added = {2017-04-17 12:50:05 +0000},
	Date-Modified = {2017-04-17 12:50:28 +0000},
	Note = {C. Marcus, APS March Meeting talk at New Orleans, March 2017}}

@misc{Kouwenhoven2017PrivateCom,
	Date-Added = {2017-04-17 12:45:17 +0000},
	Date-Modified = {2017-04-17 12:49:57 +0000},
	Note = {L. Kouwenhoven, APS March Meeting talk at New Orleans, March 2017}}

@article{Altland1997Nonstandard,
	Author = {Altland, Alexander and Zirnbauer, Martin R.},
	Date-Added = {2017-04-17 02:26:26 +0000},
	Date-Modified = {2017-04-17 02:26:45 +0000},
	Doi = {10.1103/PhysRevB.55.1142},
	Issue = {2},
	Journal = {Phys. Rev. B},
	Month = {Jan},
	Numpages = {0},
	Pages = {1142--1161},
	Publisher = {American Physical Society},
	Title = {Nonstandard symmetry classes in mesoscopic normal-superconducting hybrid structures},
	Url = {https://link.aps.org/doi/10.1103/PhysRevB.55.1142},
	Volume = {55},
	Year = {1997},
	Bdsk-Url-1 = {https://link.aps.org/doi/10.1103/PhysRevB.55.1142},
	Bdsk-Url-2 = {http://dx.doi.org/10.1103/PhysRevB.55.1142}}

@article{Stanescu2017Proximity,
	Author = {Stanescu, Tudor D. and Das Sarma, Sankar},
	Doi = {10.1103/PhysRevB.96.014510},
	Issue = {1},
	Journal = {Phys. Rev. B},
	Month = {Jul},
	Numpages = {19},
	Pages = {014510},
	Publisher = {American Physical Society},
	Title = {Proximity-induced low-energy renormalization in hybrid semiconductor-superconductor Majorana structures},
	Url = {https://link.aps.org/doi/10.1103/PhysRevB.96.014510},
	Volume = {96},
	Year = {2017},
	Bdsk-Url-1 = {https://link.aps.org/doi/10.1103/PhysRevB.96.014510},
	Bdsk-Url-2 = {http://dx.doi.org/10.1103/PhysRevB.96.014510}}

@article{Moore2016Majorana,
	Author = {Moore, Christopher and Stanescu, Tudor D. and Tewari, Sumanta},
	Doi = {10.1103/PhysRevB.97.165302},
	Issue = {16},
	Journal = {Phys. Rev. B},
	Month = {Apr},
	Numpages = {14},
	Pages = {165302},
	Publisher = {American Physical Society},
	Title = {Two-terminal charge tunneling: Disentangling Majorana zero modes from partially separated Andreev bound states in semiconductor-superconductor heterostructures},
	Url = {https://link.aps.org/doi/10.1103/PhysRevB.97.165302},
	Volume = {97},
	Year = {2018},
	Bdsk-Url-1 = {https://link.aps.org/doi/10.1103/PhysRevB.97.165302},
	Bdsk-Url-2 = {http://dx.doi.org/10.1103/PhysRevB.97.165302}}

@article{Kells2012Near,
	Author = {Kells, G. and Meidan, D. and Brouwer, P. W.},
	Date-Added = {2017-04-06 16:43:23 +0000},
	Date-Modified = {2017-04-06 16:43:37 +0000},
	Doi = {10.1103/PhysRevB.86.100503},
	Issue = {10},
	Journal = {Phys. Rev. B},
	Month = {Sep},
	Numpages = {5},
	Pages = {100503},
	Publisher = {American Physical Society},
	Title = {Near-zero-energy end states in topologically trivial spin-orbit coupled superconducting nanowires with a smooth confinement},
	Url = {https://link.aps.org/doi/10.1103/PhysRevB.86.100503},
	Volume = {86},
	Year = {2012},
	Bdsk-Url-1 = {https://link.aps.org/doi/10.1103/PhysRevB.86.100503},
	Bdsk-Url-2 = {http://dx.doi.org/10.1103/PhysRevB.86.100503}}

@article{Lee2012Zero,
	Author = {Lee, Eduardo J. H. and Jiang, Xiaocheng and Aguado, Ram\'on and Katsaros, Georgios and Lieber, Charles M. and De Franceschi, Silvano},
	Date-Added = {2017-04-06 16:39:37 +0000},
	Date-Modified = {2017-04-06 16:39:50 +0000},
	Doi = {10.1103/PhysRevLett.109.186802},
	Issue = {18},
	Journal = {Phys. Rev. Lett.},
	Month = {Oct},
	Numpages = {5},
	Pages = {186802},
	Publisher = {American Physical Society},
	Title = {Zero-Bias Anomaly in a Nanowire Quantum Dot Coupled to Superconductors},
	Url = {https://link.aps.org/doi/10.1103/PhysRevLett.109.186802},
	Volume = {109},
	Year = {2012},
	Bdsk-Url-1 = {https://link.aps.org/doi/10.1103/PhysRevLett.109.186802},
	Bdsk-Url-2 = {http://dx.doi.org/10.1103/PhysRevLett.109.186802}}

@article{Stanescu2014Nonlocality,
	Author = {Stanescu, Tudor D. and Tewari, Sumanta},
	Date-Added = {2017-04-06 03:13:04 +0000},
	Date-Modified = {2017-04-06 03:13:16 +0000},
	Doi = {10.1103/PhysRevB.89.220507},
	Issue = {22},
	Journal = {Phys. Rev. B},
	Month = {Jun},
	Numpages = {5},
	Pages = {220507},
	Publisher = {American Physical Society},
	Title = {Nonlocality of zero-bias anomalies in the topologically trivial phase of Majorana wires},
	Url = {https://link.aps.org/doi/10.1103/PhysRevB.89.220507},
	Volume = {89},
	Year = {2014},
	Bdsk-Url-1 = {https://link.aps.org/doi/10.1103/PhysRevB.89.220507},
	Bdsk-Url-2 = {http://dx.doi.org/10.1103/PhysRevB.89.220507}}

@article{Lee2014Spin,
	Abstract = {The physics and operating principles of hybrid superconductor-semiconductor devices rest ultimately on the magnetic properties of their elementary subgap excitations, usually called Andreev levels. Here we report a direct measurement of the Zeeman effect on the Andreev levels of a semiconductor quantum dot with large electron g-factor, strongly coupled to a conventional superconductor with a large critical magnetic field. This material combination allows spin degeneracy to be lifted without destroying superconductivity. We show that a spin-split Andreev level crossing the Fermi energy results in a quantum phase transition to a spin-polarized state, which implies a change in the fermionic parity of the system. This crossing manifests itself as a zero-bias conductance anomaly at finite magnetic field with properties that resemble those expected for Majorana modes in a topological superconductor. Although this resemblance is understood without evoking topological superconductivity, the observed parity transitions could be regarded as precursors of Majorana modes in the long-wire limit.},
	Author = {Lee, Eduardo J. H. and Jiang, Xiaocheng and Houzet, Manuel and Aguado, Ramon and Lieber, Charles M. and De Franceschi, Silvano},
	Date = {2014/01//print},
	Date-Added = {2017-04-06 02:13:19 +0000},
	Date-Modified = {2017-04-06 16:51:10 +0000},
	Isbn = {1748-3387},
	Journal = {Nat. Nanotechnol.},
	Month = {01},
	Number = {1},
	Pages = {79--84},
	Publisher = {Nature Publishing Group},
	Title = {Spin-resolved Andreev levels and parity crossings in hybrid superconductor-semiconductor nanostructures},
	Ty = {JOUR},
	Url = {http://dx.doi.org/10.1038/nnano.2013.267},
	Volume = {9},
	Year = {2014},
	Bdsk-Url-1 = {http://dx.doi.org/10.1038/nnano.2013.267}}

@article{Akhmerov2009Electrically,
	Author = {Akhmerov, A. R. and Nilsson, Johan and Beenakker, C. W. J.},
	Date-Added = {2017-04-06 01:51:51 +0000},
	Date-Modified = {2017-04-06 01:52:10 +0000},
	Doi = {10.1103/PhysRevLett.102.216404},
	Issue = {21},
	Journal = {Phys. Rev. Lett.},
	Month = {May},
	Numpages = {4},
	Pages = {216404},
	Publisher = {American Physical Society},
	Title = {Electrically Detected Interferometry of Majorana Fermions in a Topological Insulator},
	Url = {https://link.aps.org/doi/10.1103/PhysRevLett.102.216404},
	Volume = {102},
	Year = {2009},
	Bdsk-Url-1 = {https://link.aps.org/doi/10.1103/PhysRevLett.102.216404},
	Bdsk-Url-2 = {http://dx.doi.org/10.1103/PhysRevLett.102.216404}}

@article{Flensberg2010Tunneling,
	Author = {Flensberg, Karsten},
	Date-Added = {2017-04-06 00:47:02 +0000},
	Date-Modified = {2017-04-06 00:47:36 +0000},
	Doi = {10.1103/PhysRevB.82.180516},
	Issue = {18},
	Journal = {Phys. Rev. B},
	Month = {Nov},
	Numpages = {4},
	Pages = {180516},
	Publisher = {American Physical Society},
	Title = {Tunneling characteristics of a chain of Majorana bound states},
	Url = {https://link.aps.org/doi/10.1103/PhysRevB.82.180516},
	Volume = {82},
	Year = {2010},
	Bdsk-Url-1 = {https://link.aps.org/doi/10.1103/PhysRevB.82.180516},
	Bdsk-Url-2 = {http://dx.doi.org/10.1103/PhysRevB.82.180516}}

@article{Beenakker2013Search,
	Abstract = { Majorana fermions (particles that are their own antiparticle) may or may not exist in nature as elementary building blocks, but in condensed matter they can be constructed out of electron and hole excitations. What is needed is a superconductor to hide the charge difference and a topological (Berry) phase to eliminate the energy difference from zero-point motion. A pair of widely separated Majorana fermions, bound to magnetic or electrostatic defects, has non-Abelian exchange statistics. A qubit encoded in this Majorana pair is expected to have an unusually long coherence time. I discuss strategies to detect Majorana fermions in a topological superconductor, as well as possible applications in a quantum computer. The status of the experimental search is reviewed. },
	Author = {C.W.J. Beenakker},
	Date-Added = {2017-04-05 20:05:43 +0000},
	Date-Modified = {2020-05-16 17:53:20 +0000},
	Doi = {10.1146/annurev-conmatphys-030212-184337},
	Journal = {Annu. Rev. Condens. Matter Phys.},
	Number = {1},
	Pages = {113-136},
	Title = {Search for {M}ajorana Fermions in Superconductors},
	Url = {http://dx.doi.org/10.1146/annurev-conmatphys-030212-184337},
	Volume = {4},
	Year = {2013},
	Bdsk-Url-1 = {http://dx.doi.org/10.1146/annurev-conmatphys-030212-184337}}

@article{Leijnse2012Introduction,
	Abstract = {This short review paper provides a pedagogical introduction to the rapidly growing research field of Majorana fermions in topological superconductors. We first discuss in some detail the simplest `toy model' in which Majoranas appear, namely a one-dimensional tight-binding representation of a p-wave superconductor, introduced more than 10 years ago by Kitaev. We then give a general introduction to the remarkable properties of Majorana fermions in condensed matter systems, such as their intrinsically non-local nature and exotic exchange statistics, and explain why these quasiparticles are suspected to be especially well suited for low-decoherence quantum information processing. We also discuss the experimentally promising (and perhaps already successfully realized) possibility of creating topological superconductors using semiconductors with strong spin--orbit coupling, proximity-coupled to standard s-wave superconductors and exposed to a magnetic field. The goal is to provide an introduction to the subject for experimentalists or theorists who are new to the field, focusing on the aspects which are most important for understanding the basic physics. The text should be accessible for readers with a basic understanding of quantum mechanics and second quantization, and does not require knowledge of quantum field theory or topological states of matter.},
	Author = {Martin Leijnse and Karsten Flensberg},
	Date-Added = {2017-04-05 19:58:24 +0000},
	Date-Modified = {2020-05-16 17:52:48 +0000},
	Journal = {Semicond. Sci. Technol.},
	Number = {12},
	Pages = {124003},
	Title = {Introduction to topological superconductivity and {M}ajorana fermions},
	Url = {http://stacks.iop.org/0268-1242/27/i=12/a=124003},
	Volume = {27},
	Year = {2012},
	Bdsk-Url-1 = {http://stacks.iop.org/0268-1242/27/i=12/a=124003}}

@article{Alicea2012New,
	Abstract = {The 1937 theoretical discovery of Majorana fermions---whose defining property is that they are their own anti-particles---has since impacted diverse problems ranging from neutrino physics and dark matter searches to the fractional quantum Hall effect and superconductivity. Despite this long history the unambiguous observation of Majorana fermions nevertheless remains an outstanding goal. This review paper highlights recent advances in the condensed matter search for Majorana that have led many in the field to believe that this quest may soon bear fruit. We begin by introducing in some detail exotic `topological' one- and two-dimensional superconductors that support Majorana fermions at their boundaries and at vortices. We then turn to one of the key insights that arose during the past few years; namely, that it is possible to `engineer' such exotic superconductors in the laboratory by forming appropriate heterostructures with ordinary s-wave superconductors. Numerous proposals of this type are discussed, based on diverse materials such as topological insulators, conventional semiconductors, ferromagnetic metals and many others. The all-important question of how one experimentally detects Majorana fermions in these setups is then addressed. We focus on three classes of measurements that provide smoking-gun Majorana signatures: tunneling, Josephson effects and interferometry. Finally, we discuss the most remarkable properties of condensed matter Majorana fermions---the non-Abelian exchange statistics that they generate and their associated potential for quantum computation.},
	Author = {Jason Alicea},
	Date-Added = {2017-04-05 19:48:30 +0000},
	Date-Modified = {2020-05-16 14:38:22 +0000},
	Journal = {Rep. Prog. Phys.},
	Number = {7},
	Pages = {076501},
	Title = {New directions in the pursuit of {M}ajorana fermions in solid state systems},
	Url = {http://stacks.iop.org/0034-4885/75/i=7/a=076501},
	Volume = {75},
	Year = {2012},
	Bdsk-Url-1 = {http://stacks.iop.org/0034-4885/75/i=7/a=076501}}

@article{Elliott2015Colloquium,
	Author = {Elliott, Steven R. and Franz, Marcel},
	Date-Added = {2017-04-05 19:46:06 +0000},
	Date-Modified = {2018-10-06 09:27:29 +0000},
	Doi = {10.1103/RevModPhys.87.137},
	Issue = {1},
	Journal = {Rev. Mod. Phys.},
	Month = {Feb},
	Numpages = {27},
	Pages = {137--163},
	Publisher = {American Physical Society},
	Title = {Colloquium: Majorana fermions in nuclear, particle, and solid-state physics},
	Url = {https://link.aps.org/doi/10.1103/RevModPhys.87.137},
	Volume = {87},
	Year = {2015},
	Bdsk-File-1 = {YnBsaXN0MDDUAQIDBAUGJCVYJHZlcnNpb25YJG9iamVjdHNZJGFyY2hpdmVyVCR0b3ASAAGGoKgHCBMUFRYaIVUkbnVsbNMJCgsMDxJXTlMua2V5c1pOUy5vYmplY3RzViRjbGFzc6INDoACgAOiEBGABIAFgAdccmVsYXRpdmVQYXRoWWFsaWFzRGF0YV8QkC4uLy4uLy4uLy4uLy4uLy4uLy4uLy4uL0Rvd25sb2Fkcy9leHBlcmltZW50YWwtcGhhc2UtZGlhZ3JhbS1vZi16ZXJvLWJpYXMtY29uZHVjdGFuY2UtcGVha3MtaW4tc3VwZXJjb25kdWN0b3Jfc2VtaWNvbmR1Y3Rvci1uYW5vd2lyZS1kZXZpY2VzLmJpYtIXCxgZV05TLmRhdGFPEQK0AAAAAAK0AAIAAAxNYWNpbnRvc2ggSEQAAAAAAAAAAAAAAAAAAADOZgQXSCsAAAAG6e8fZXhwZXJpbWVudGFsLXBoYXNlLSM2RTE5NkMyLmJpYgAAAAAAAAAAAAAAAAAAAAAAAAAAAAAAAAAAAAAAAAAABuGWwtfee0cAAAAAAAAAAAAIAAIAAAkgAAAAAAAAAAAAAAAAAAAACURvd25sb2FkcwAAEAAIAADOZef3AAAAEQAIAADX3l8nAAAAAQAMAAbp7wAG6ewAAmB1AAIASE1hY2ludG9zaCBIRDpVc2VyczoAQ2h1bnhpYW86AERvd25sb2FkczoAZXhwZXJpbWVudGFsLXBoYXNlLSM2RTE5NkMyLmJpYgAOAN4AbgBlAHgAcABlAHIAaQBtAGUAbgB0AGEAbAAtAHAAaABhAHMAZQAtAGQAaQBhAGcAcgBhAG0ALQBvAGYALQB6AGUAcgBvAC0AYgBpAGEAcwAtAGMAbwBuAGQAdQBjAHQAYQBuAGMAZQAtAHAAZQBhAGsAcwAtAGkAbgAtAHMAdQBwAGUAcgBjAG8AbgBkAHUAYwB0AG8AcgBfAHMAZQBtAGkAYwBvAG4AZAB1AGMAdABvAHIALQBuAGEAbgBvAHcAaQByAGUALQBkAGUAdgBpAGMAZQBzAC4AYgBpAGIADwAaAAwATQBhAGMAaQBuAHQAbwBzAGgAIABIAEQAEgCHVXNlcnMvQ2h1bnhpYW8vRG93bmxvYWRzL2V4cGVyaW1lbnRhbC1waGFzZS1kaWFncmFtLW9mLXplcm8tYmlhcy1jb25kdWN0YW5jZS1wZWFrcy1pbi1zdXBlcmNvbmR1Y3Rvcl9zZW1pY29uZHVjdG9yLW5hbm93aXJlLWRldmljZXMuYmliAAATAAEvAAAVAAIAD///AACABtIbHB0eWiRjbGFzc25hbWVYJGNsYXNzZXNdTlNNdXRhYmxlRGF0YaMdHyBWTlNEYXRhWE5TT2JqZWN00hscIiNcTlNEaWN0aW9uYXJ5oiIgXxAPTlNLZXllZEFyY2hpdmVy0SYnVHJvb3SAAQAIABEAGgAjAC0AMgA3AEAARgBNAFUAYABnAGoAbABuAHEAcwB1AHcAhACOASEBJgEuA+YD6APtA/gEAQQPBBMEGgQjBCgENQQ4BEoETQRSAAAAAAAAAgEAAAAAAAAAKAAAAAAAAAAAAAAAAAAABFQ=},
	Bdsk-Url-1 = {https://link.aps.org/doi/10.1103/RevModPhys.87.137},
	Bdsk-Url-2 = {http://dx.doi.org/10.1103/RevModPhys.87.137}}

@article{Nayak2008Non-Abelian,
	Author = {Nayak, Chetan and Simon, Steven H. and Stern, Ady and Freedman, Michael and Das Sarma, Sankar},
	Date-Added = {2017-04-05 19:37:39 +0000},
	Date-Modified = {2020-05-16 18:19:31 +0000},
	Doi = {10.1103/RevModPhys.80.1083},
	Issue = {3},
	Journal = {Rev. Mod. Phys.},
	Month = {Sep},
	Numpages = {0},
	Pages = {1083--1159},
	Publisher = {American Physical Society},
	Title = {Non-{A}belian anyons and topological quantum computation},
	Url = {https://link.aps.org/doi/10.1103/RevModPhys.80.1083},
	Volume = {80},
	Year = {2008},
	Bdsk-Url-1 = {https://link.aps.org/doi/10.1103/RevModPhys.80.1083},
	Bdsk-Url-2 = {http://dx.doi.org/10.1103/RevModPhys.80.1083}}

@article{Diez2012Andreev,
	Author = {Diez, M. and Dahlhaus, J. P. and Wimmer, M. and Beenakker, C. W. J.},
	Date-Added = {2017-03-31 17:28:08 +0000},
	Date-Modified = {2017-03-31 17:28:35 +0000},
	Doi = {10.1103/PhysRevB.86.094501},
	Issue = {9},
	Journal = {Phys. Rev. B},
	Month = {Sep},
	Numpages = {9},
	Pages = {094501},
	Publisher = {American Physical Society},
	Title = {Andreev reflection from a topological superconductor with chiral symmetry},
	Url = {https://link.aps.org/doi/10.1103/PhysRevB.86.094501},
	Volume = {86},
	Year = {2012},
	Bdsk-Url-1 = {https://link.aps.org/doi/10.1103/PhysRevB.86.094501},
	Bdsk-Url-2 = {http://dx.doi.org/10.1103/PhysRevB.86.094501}}

@article{Stanescu2010Proximity,
	Author = {Stanescu, Tudor D. and Sau, Jay D. and Lutchyn, Roman M. and Das Sarma, S.},
	Date-Added = {2017-03-09 17:58:51 +0000},
	Date-Modified = {2017-03-09 17:59:12 +0000},
	Doi = {10.1103/PhysRevB.81.241310},
	Issue = {24},
	Journal = {Phys. Rev. B},
	Month = {Jun},
	Numpages = {4},
	Pages = {241310},
	Publisher = {American Physical Society},
	Title = {Proximity effect at the superconductor\char21{}topological insulator interface},
	Url = {http://link.aps.org/doi/10.1103/PhysRevB.81.241310},
	Volume = {81},
	Year = {2010},
	Bdsk-Url-1 = {http://link.aps.org/doi/10.1103/PhysRevB.81.241310},
	Bdsk-Url-2 = {http://dx.doi.org/10.1103/PhysRevB.81.241310}}

@article{Liu2017Role,
	Author = {Liu, Chun-Xiao and Sau, Jay D. and Das Sarma, S.},
	Date-Added = {2017-03-08 02:21:26 +0000},
	Date-Modified = {2020-05-16 18:05:26 +0000},
	Doi = {10.1103/PhysRevB.95.054502},
	Issue = {5},
	Journal = {Phys. Rev. B},
	Month = {Feb},
	Numpages = {5},
	Pages = {054502},
	Publisher = {American Physical Society},
	Title = {Role of dissipation in realistic {M}ajorana nanowires},
	Url = {http://link.aps.org/doi/10.1103/PhysRevB.95.054502},
	Volume = {95},
	Year = {2017},
	Bdsk-Url-1 = {http://link.aps.org/doi/10.1103/PhysRevB.95.054502},
	Bdsk-Url-2 = {http://dx.doi.org/10.1103/PhysRevB.95.054502}}

@article{Deng2016Majorana,
	Abstract = {Majorana bound states (MBSs) are peculiar quasiparticles that may one day become the cornerstone of topological quantum computing. To engineer these states, physicists have used semiconductor nanowires in contact with a superconductor. Although many of the observed properties align with theoretical predictions, a closer look into the creation of MBSs is desirable. Deng et al. fabricated nanowires with a quantum dot at one end that served as a spectrometer for the states that formed inside the superconducting gap of the nanowire. Using this setup, topologically trivial bound states were seen to coalesce into MBSs as the magnetic field was varied.Science, this issue p. 1557Hybrid nanowires combining semiconductor and superconductor materials appear well suited for the creation, detection, and control of Majorana bound states (MBSs). We demonstrate the emergence of MBSs from coalescing Andreev bound states (ABSs) in a hybrid InAs nanowire with epitaxial Al, using a quantum dot at the end of the nanowire as a spectrometer. Electrostatic gating tuned the nanowire density to a regime of one or a few ABSs. In an applied axial magnetic field, a topological phase emerges in which ABSs move to zero energy and remain there, forming MBSs. We observed hybridization of the MBS with the end-dot bound state, which is in agreement with a numerical model. The ABS/MBS spectra provide parameters that are useful for understanding topological superconductivity in this system.},
	Author = {Deng, M. T. and Vaitiekenas, S. and Hansen, E. B. and Danon, J. and Leijnse, M. and Flensberg, K. and Nyg{\aa}rd, J. and Krogstrup, P. and Marcus, C. M.},
	Date-Added = {2017-03-06 22:19:03 +0000},
	Date-Modified = {2017-03-06 22:21:59 +0000},
	Doi = {10.1126/science.aaf3961},
	Issn = {0036-8075},
	Journal = {Science},
	Number = {6319},
	Pages = {1557--1562},
	Publisher = {American Association for the Advancement of Science},
	Title = {Majorana bound state in a coupled quantum-dot hybrid-nanowire system},
	Url = {http://science.sciencemag.org/content/354/6319/1557},
	Volume = {354},
	Year = {2016},
	Bdsk-Url-1 = {http://science.sciencemag.org/content/354/6319/1557},
	Bdsk-Url-2 = {http://dx.doi.org/10.1126/science.aaf3961}}

@article{Sau2010Generic,
	Author = {Sau, Jay D. and Lutchyn, Roman M. and Tewari, Sumanta and Das Sarma, S.},
	Date-Added = {2016-11-15 19:53:59 +0000},
	Date-Modified = {2016-11-15 19:54:11 +0000},
	Doi = {10.1103/PhysRevLett.104.040502},
	Issue = {4},
	Journal = {Phys. Rev. Lett.},
	Month = {Jan},
	Numpages = {4},
	Pages = {040502},
	Publisher = {American Physical Society},
	Title = {Generic New Platform for Topological Quantum Computation Using Semiconductor Heterostructures},
	Url = {http://link.aps.org/doi/10.1103/PhysRevLett.104.040502},
	Volume = {104},
	Year = {2010},
	Bdsk-Url-1 = {http://link.aps.org/doi/10.1103/PhysRevLett.104.040502},
	Bdsk-Url-2 = {http://dx.doi.org/10.1103/PhysRevLett.104.040502}}

@book{Tinkham1996introduction,
	Author = {Tinkham, Michael},
	Date-Added = {2016-11-15 16:37:57 +0000},
	Date-Modified = {2017-02-07 14:39:30 +0000},
	Publisher = {Dover Publications, Inc. Mineola, New York},
	Title = {Introduction to superconductivity},
	Year = {2004}}

@article{Liu2012Zero,
	Author = {Liu, Jie and Potter, Andrew C. and Law, K. T. and Lee, Patrick A.},
	Date-Added = {2016-10-25 18:40:28 +0000},
	Date-Modified = {2016-10-25 18:40:37 +0000},
	Doi = {10.1103/PhysRevLett.109.267002},
	Issue = {26},
	Journal = {Phys. Rev. Lett.},
	Month = {Dec},
	Numpages = {5},
	Pages = {267002},
	Publisher = {American Physical Society},
	Title = {Zero-Bias Peaks in the Tunneling Conductance of Spin-Orbit-Coupled Superconducting Wires with and without Majorana End-States},
	Url = {http://link.aps.org/doi/10.1103/PhysRevLett.109.267002},
	Volume = {109},
	Year = {2012},
	Bdsk-Url-1 = {http://link.aps.org/doi/10.1103/PhysRevLett.109.267002},
	Bdsk-Url-2 = {http://dx.doi.org/10.1103/PhysRevLett.109.267002}}

@article{Hui2015Bulk,
	Author = {Hui, Hoi-Yin and Sau, Jay D. and Das Sarma, S.},
	Date-Added = {2016-10-25 17:27:57 +0000},
	Date-Modified = {2016-10-25 17:28:18 +0000},
	Doi = {10.1103/PhysRevB.92.174512},
	Issue = {17},
	Journal = {Phys. Rev. B},
	Month = {Nov},
	Numpages = {11},
	Pages = {174512},
	Publisher = {American Physical Society},
	Title = {Bulk disorder in the superconductor affects proximity-induced topological superconductivity},
	Url = {http://link.aps.org/doi/10.1103/PhysRevB.92.174512},
	Volume = {92},
	Year = {2015},
	Bdsk-Url-1 = {http://link.aps.org/doi/10.1103/PhysRevB.92.174512},
	Bdsk-Url-2 = {http://dx.doi.org/10.1103/PhysRevB.92.174512}}

@article{Lobos2012Interplay,
	Author = {Lobos, Alejandro M. and Lutchyn, Roman M. and Das Sarma, S.},
	Date-Added = {2016-10-25 17:21:47 +0000},
	Date-Modified = {2016-10-25 17:22:09 +0000},
	Doi = {10.1103/PhysRevLett.109.146403},
	Issue = {14},
	Journal = {Phys. Rev. Lett.},
	Month = {Oct},
	Numpages = {5},
	Pages = {146403},
	Publisher = {American Physical Society},
	Title = {Interplay of Disorder and Interaction in Majorana Quantum Wires},
	Url = {http://link.aps.org/doi/10.1103/PhysRevLett.109.146403},
	Volume = {109},
	Year = {2012},
	Bdsk-Url-1 = {http://link.aps.org/doi/10.1103/PhysRevLett.109.146403},
	Bdsk-Url-2 = {http://dx.doi.org/10.1103/PhysRevLett.109.146403}}

@article{Lutchyn2012Momentum,
	Author = {Lutchyn, Roman M. and Stanescu, Tudor D. and Das Sarma, S.},
	Date-Added = {2016-10-25 17:20:48 +0000},
	Date-Modified = {2016-10-25 17:20:59 +0000},
	Doi = {10.1103/PhysRevB.85.140513},
	Issue = {14},
	Journal = {Phys. Rev. B},
	Month = {Apr},
	Numpages = {5},
	Pages = {140513},
	Publisher = {American Physical Society},
	Title = {Momentum relaxation in a semiconductor proximity-coupled to a disordered $s$-wave superconductor: Effect of scattering on topological superconductivity},
	Url = {http://link.aps.org/doi/10.1103/PhysRevB.85.140513},
	Volume = {85},
	Year = {2012},
	Bdsk-Url-1 = {http://link.aps.org/doi/10.1103/PhysRevB.85.140513},
	Bdsk-Url-2 = {http://dx.doi.org/10.1103/PhysRevB.85.140513}}

@article{Sau2013Density,
	Author = {Sau, Jay D. and Das Sarma, S.},
	Date-Added = {2016-10-25 17:19:15 +0000},
	Date-Modified = {2016-10-25 17:19:27 +0000},
	Doi = {10.1103/PhysRevB.88.064506},
	Issue = {6},
	Journal = {Phys. Rev. B},
	Month = {Aug},
	Numpages = {7},
	Pages = {064506},
	Publisher = {American Physical Society},
	Title = {Density of states of disordered topological superconductor-semiconductor hybrid nanowires},
	Url = {http://link.aps.org/doi/10.1103/PhysRevB.88.064506},
	Volume = {88},
	Year = {2013},
	Bdsk-Url-1 = {http://link.aps.org/doi/10.1103/PhysRevB.88.064506},
	Bdsk-Url-2 = {http://dx.doi.org/10.1103/PhysRevB.88.064506}}

@article{Takei2013Soft,
	Author = {Takei, So and Fregoso, Benjamin M. and Hui, Hoi-Yin and Lobos, Alejandro M. and Das Sarma, S.},
	Date-Added = {2016-10-25 17:18:19 +0000},
	Date-Modified = {2016-10-25 17:18:31 +0000},
	Doi = {10.1103/PhysRevLett.110.186803},
	Issue = {18},
	Journal = {Phys. Rev. Lett.},
	Month = {Apr},
	Numpages = {5},
	Pages = {186803},
	Publisher = {American Physical Society},
	Title = {Soft Superconducting Gap in Semiconductor Majorana Nanowires},
	Url = {http://link.aps.org/doi/10.1103/PhysRevLett.110.186803},
	Volume = {110},
	Year = {2013},
	Bdsk-Url-1 = {http://link.aps.org/doi/10.1103/PhysRevLett.110.186803},
	Bdsk-Url-2 = {http://dx.doi.org/10.1103/PhysRevLett.110.186803}}

@article{Cole2015Effects,
	Author = {Cole, William S. and Das Sarma, S. and Stanescu, Tudor D.},
	Date-Added = {2016-10-25 17:16:51 +0000},
	Date-Modified = {2016-10-25 17:17:04 +0000},
	Doi = {10.1103/PhysRevB.92.174511},
	Issue = {17},
	Journal = {Phys. Rev. B},
	Month = {Nov},
	Numpages = {8},
	Pages = {174511},
	Publisher = {American Physical Society},
	Title = {Effects of large induced superconducting gap on semiconductor Majorana nanowires},
	Url = {http://link.aps.org/doi/10.1103/PhysRevB.92.174511},
	Volume = {92},
	Year = {2015},
	Bdsk-File-1 = {YnBsaXN0MDDUAQIDBAUGJCVYJHZlcnNpb25YJG9iamVjdHNZJGFyY2hpdmVyVCR0b3ASAAGGoKgHCBMUFRYaIVUkbnVsbNMJCgsMDxJXTlMua2V5c1pOUy5vYmplY3RzViRjbGFzc6INDoACgAOiEBGABIAFgAdccmVsYXRpdmVQYXRoWWFsaWFzRGF0YV8QLi4uLy4uLy4uLy4uLy4uLy4uLy5UcmFzaC9JT1BFWFBPUlRfQklCICgxKS5iaWLSFwsYGVdOUy5kYXRhTxEBlgAAAAABlgACAAAMTWFjaW50b3NoIEhEAAAAAAAAAAAAAAAAAAAAzmWvt0grAAAFVsPYFUlPUEVYUE9SVF9CSUIgKDEpLmJpYgAAAAAAAAAAAAAAAAAAAAAAAAAAAAAAAAAAAAAAAAAAAAAAAAAAAAAAAAY1hKPVCsL3AAAAAAAAAAAABgACAAAJIAAAAAAAAAAAAAAAAAAAAAYuVHJhc2gAEAAIAADOZef3AAAAEQAIAADVCvs3AAAAAQAMBVbD2AAG6ewAAmB1AAIAO01hY2ludG9zaCBIRDpVc2VyczoAQ2h1bnhpYW86AC5UcmFzaDoASU9QRVhQT1JUX0JJQiAoMSkuYmliAAAOACwAFQBJAE8AUABFAFgAUABPAFIAVABfAEIASQBCACAAKAAxACkALgBiAGkAYgAPABoADABNAGEAYwBpAG4AdABvAHMAaAAgAEgARAASACtVc2Vycy9DaHVueGlhby8uVHJhc2gvSU9QRVhQT1JUX0JJQiAoMSkuYmliAAATAAEvAAAVAAIAD///AACABtIbHB0eWiRjbGFzc25hbWVYJGNsYXNzZXNdTlNNdXRhYmxlRGF0YaMdHyBWTlNEYXRhWE5TT2JqZWN00hscIiNcTlNEaWN0aW9uYXJ5oiIgXxAPTlNLZXllZEFyY2hpdmVy0SYnVHJvb3SAAQAIABEAGgAjAC0AMgA3AEAARgBNAFUAYABnAGoAbABuAHEAcwB1AHcAhACOAL8AxADMAmYCaAJtAngCgQKPApMCmgKjAqgCtQK4AsoCzQLSAAAAAAAAAgEAAAAAAAAAKAAAAAAAAAAAAAAAAAAAAtQ=},
	Bdsk-Url-1 = {http://link.aps.org/doi/10.1103/PhysRevB.92.174511},
	Bdsk-Url-2 = {http://dx.doi.org/10.1103/PhysRevB.92.174511}}

@article{Sau2012Experimental,
	Author = {Sau, Jay D. and Tewari, Sumanta and Das Sarma, S.},
	Date-Added = {2016-10-25 17:15:50 +0000},
	Date-Modified = {2016-10-25 17:16:01 +0000},
	Doi = {10.1103/PhysRevB.85.064512},
	Issue = {6},
	Journal = {Phys. Rev. B},
	Month = {Feb},
	Numpages = {11},
	Pages = {064512},
	Publisher = {American Physical Society},
	Title = {Experimental and materials considerations for the topological superconducting state in electron- and hole-doped semiconductors: Searching for non-Abelian Majorana modes in 1D nanowires and 2D heterostructures},
	Url = {http://link.aps.org/doi/10.1103/PhysRevB.85.064512},
	Volume = {85},
	Year = {2012},
	Bdsk-Url-1 = {http://link.aps.org/doi/10.1103/PhysRevB.85.064512},
	Bdsk-Url-2 = {http://dx.doi.org/10.1103/PhysRevB.85.064512}}

@article{Brouwer2011Probability,
	Author = {Brouwer, Piet W. and Duckheim, Mathias and Romito, Alessandro and von Oppen, Felix},
	Date-Added = {2016-10-25 17:14:29 +0000},
	Date-Modified = {2016-10-25 17:14:51 +0000},
	Doi = {10.1103/PhysRevLett.107.196804},
	Issue = {19},
	Journal = {Phys. Rev. Lett.},
	Month = {Nov},
	Numpages = {4},
	Pages = {196804},
	Publisher = {American Physical Society},
	Title = {Probability Distribution of Majorana End-State Energies in Disordered Wires},
	Url = {http://link.aps.org/doi/10.1103/PhysRevLett.107.196804},
	Volume = {107},
	Year = {2011},
	Bdsk-Url-1 = {http://link.aps.org/doi/10.1103/PhysRevLett.107.196804},
	Bdsk-Url-2 = {http://dx.doi.org/10.1103/PhysRevLett.107.196804}}

@article{Brouwer2011Topological,
	Author = {Brouwer, Piet W. and Duckheim, Mathias and Romito, Alessandro and von Oppen, Felix},
	Date-Added = {2016-10-25 17:13:09 +0000},
	Date-Modified = {2016-10-25 17:13:26 +0000},
	Doi = {10.1103/PhysRevB.84.144526},
	Issue = {14},
	Journal = {Phys. Rev. B},
	Month = {Oct},
	Numpages = {6},
	Pages = {144526},
	Publisher = {American Physical Society},
	Title = {Topological superconducting phases in disordered quantum wires with strong spin-orbit coupling},
	Url = {http://link.aps.org/doi/10.1103/PhysRevB.84.144526},
	Volume = {84},
	Year = {2011},
	Bdsk-Url-1 = {http://link.aps.org/doi/10.1103/PhysRevB.84.144526},
	Bdsk-Url-2 = {http://dx.doi.org/10.1103/PhysRevB.84.144526}}

@article{Adagideli2014Effects,
	Author = {Adagideli, I. and Wimmer, M. and Teker, A.},
	Date-Added = {2016-10-25 17:10:51 +0000},
	Date-Modified = {2016-11-28 19:31:43 +0000},
	Doi = {10.1103/PhysRevB.89.144506},
	Issue = {14},
	Journal = {Phys. Rev. B},
	Month = {Apr},
	Numpages = {6},
	Pages = {144506},
	Publisher = {American Physical Society},
	Title = {Effects of electron scattering on the topological properties of nanowires: Majorana fermions from disorder and superlattices},
	Url = {http://link.aps.org/doi/10.1103/PhysRevB.89.144506},
	Volume = {89},
	Year = {2014},
	Bdsk-Url-1 = {http://link.aps.org/doi/10.1103/PhysRevB.89.144506},
	Bdsk-Url-2 = {http://dx.doi.org/10.1103/PhysRevB.89.144506}}

@article{Vuik2016Effects,
	Abstract = {One of the promising platforms for creating Majorana bound states is a hybrid nanostructure consisting of a semiconducting nanowire covered by a superconductor. We analyze the previously disregarded role of electrostatic interaction in these devices. Our main result is that Coulomb interaction causes the chemical potential to respond to an applied magnetic field, while spin--orbit interaction and screening by the superconducting lead suppress this response. Consequently, the electrostatic environment influences two properties of Majorana devices: the shape of the topological phase boundary and the oscillations of the Majorana splitting energy. We demonstrate that both properties show a non-universal behavior, and depend on the details of the electrostatic environment. We show that when the wire only contains a single electron mode, the experimentally accessible inverse self-capacitance of this mode fully captures the interplay between electrostatics and Zeeman field. This offers a way to compare theoretical predictions with experiments.},
	Author = {A Vuik and D Eeltink and A R Akhmerov and M Wimmer},
	Date-Added = {2016-10-25 17:03:50 +0000},
	Date-Modified = {2020-07-20 09:52:42 +0000},
	Journal = {New Journal of Physics},
	Number = {3},
	Pages = {033013},
	Title = {Effects of the electrostatic environment on the {M}ajorana nanowire devices},
	Url = {http://stacks.iop.org/1367-2630/18/i=3/a=033013},
	Volume = {18},
	Year = {2016},
	Bdsk-Url-1 = {http://stacks.iop.org/1367-2630/18/i=3/a=033013}}

@article{Stanescu2012To,
	Author = {Stanescu, Tudor D. and Tewari, Sumanta and Sau, Jay D. and Das Sarma, S.},
	Date-Added = {2016-10-25 17:01:26 +0000},
	Date-Modified = {2016-10-25 17:01:40 +0000},
	Doi = {10.1103/PhysRevLett.109.266402},
	Issue = {26},
	Journal = {Phys. Rev. Lett.},
	Month = {Dec},
	Numpages = {5},
	Pages = {266402},
	Publisher = {American Physical Society},
	Title = {To Close or Not to Close: The Fate of the Superconducting Gap Across the Topological Quantum Phase Transition in Majorana-Carrying Semiconductor Nanowires},
	Url = {http://link.aps.org/doi/10.1103/PhysRevLett.109.266402},
	Volume = {109},
	Year = {2012},
	Bdsk-File-1 = {YnBsaXN0MDDUAQIDBAUGJCVYJHZlcnNpb25YJG9iamVjdHNZJGFyY2hpdmVyVCR0b3ASAAGGoKgHCBMUFRYaIVUkbnVsbNMJCgsMDxJXTlMua2V5c1pOUy5vYmplY3RzViRjbGFzc6INDoACgAOiEBGABIAFgAdccmVsYXRpdmVQYXRoWWFsaWFzRGF0YV8QLi4uLy4uLy4uLy4uLy4uLy4uLy5UcmFzaC9JT1BFWFBPUlRfQklCICgxKS5iaWLSFwsYGVdOUy5kYXRhTxEBlgAAAAABlgACAAAMTWFjaW50b3NoIEhEAAAAAAAAAAAAAAAAAAAAzmWvt0grAAAFVsPYFUlPUEVYUE9SVF9CSUIgKDEpLmJpYgAAAAAAAAAAAAAAAAAAAAAAAAAAAAAAAAAAAAAAAAAAAAAAAAAAAAAAAAY1hKPVCsL3AAAAAAAAAAAABgACAAAJIAAAAAAAAAAAAAAAAAAAAAYuVHJhc2gAEAAIAADOZef3AAAAEQAIAADVCvs3AAAAAQAMBVbD2AAG6ewAAmB1AAIAO01hY2ludG9zaCBIRDpVc2VyczoAQ2h1bnhpYW86AC5UcmFzaDoASU9QRVhQT1JUX0JJQiAoMSkuYmliAAAOACwAFQBJAE8AUABFAFgAUABPAFIAVABfAEIASQBCACAAKAAxACkALgBiAGkAYgAPABoADABNAGEAYwBpAG4AdABvAHMAaAAgAEgARAASACtVc2Vycy9DaHVueGlhby8uVHJhc2gvSU9QRVhQT1JUX0JJQiAoMSkuYmliAAATAAEvAAAVAAIAD///AACABtIbHB0eWiRjbGFzc25hbWVYJGNsYXNzZXNdTlNNdXRhYmxlRGF0YaMdHyBWTlNEYXRhWE5TT2JqZWN00hscIiNcTlNEaWN0aW9uYXJ5oiIgXxAPTlNLZXllZEFyY2hpdmVy0SYnVHJvb3SAAQAIABEAGgAjAC0AMgA3AEAARgBNAFUAYABnAGoAbABuAHEAcwB1AHcAhACOAL8AxADMAmYCaAJtAngCgQKPApMCmgKjAqgCtQK4AsoCzQLSAAAAAAAAAgEAAAAAAAAAKAAAAAAAAAAAAAAAAAAAAtQ=},
	Bdsk-Url-1 = {http://link.aps.org/doi/10.1103/PhysRevLett.109.266402},
	Bdsk-Url-2 = {http://dx.doi.org/10.1103/PhysRevLett.109.266402}}

@article{Stanescu2013Dimensional,
	Author = {Stanescu, Tudor D. and Lutchyn, Roman M. and Das Sarma, S.},
	Date-Added = {2016-10-25 16:59:39 +0000},
	Date-Modified = {2016-10-25 16:59:55 +0000},
	Doi = {10.1103/PhysRevB.87.094518},
	Issue = {9},
	Journal = {Phys. Rev. B},
	Month = {Mar},
	Numpages = {6},
	Pages = {094518},
	Publisher = {American Physical Society},
	Title = {Dimensional crossover in spin-orbit-coupled semiconductor nanowires with induced superconducting pairing},
	Url = {http://link.aps.org/doi/10.1103/PhysRevB.87.094518},
	Volume = {87},
	Year = {2013},
	Bdsk-File-1 = {YnBsaXN0MDDUAQIDBAUGJCVYJHZlcnNpb25YJG9iamVjdHNZJGFyY2hpdmVyVCR0b3ASAAGGoKgHCBMUFRYaIVUkbnVsbNMJCgsMDxJXTlMua2V5c1pOUy5vYmplY3RzViRjbGFzc6INDoACgAOiEBGABIAFgAdccmVsYXRpdmVQYXRoWWFsaWFzRGF0YV8QKi4uLy4uLy4uLy4uLy4uL0Rvd25sb2Fkcy9JT1BFWFBPUlRfQklCLmJpYtIXCxgZV05TLmRhdGFPEQGOAAAAAAGOAAIAAAxNYWNpbnRvc2ggSEQAAAAAAAAAAAAAAAAAAADOZgQXSCsAAAAG6e8RSU9QRVhQT1JUX0JJQi5iaWIAAAAAAAAAAAAAAAAAAAAAAAAAAAAAAAAAAAAAAAAAAAAAAAAAAAAAAAAAAAAABz3JuNmlHX8AAAAAAAAAAAAFAAIAAAkgAAAAAAAAAAAAAAAAAAAACURvd25sb2FkcwAAEAAIAADOZef3AAAAEQAIAADZpQFfAAAAAQAMAAbp7wAG6ewAAmB1AAIAOk1hY2ludG9zaCBIRDpVc2VyczoAQ2h1bnhpYW86AERvd25sb2FkczoASU9QRVhQT1JUX0JJQi5iaWIADgAkABEASQBPAFAARQBYAFAATwBSAFQAXwBCAEkAQgAuAGIAaQBiAA8AGgAMAE0AYQBjAGkAbgB0AG8AcwBoACAASABEABIAKlVzZXJzL0NodW54aWFvL0Rvd25sb2Fkcy9JT1BFWFBPUlRfQklCLmJpYgATAAEvAAAVAAIAD///AACABtIbHB0eWiRjbGFzc25hbWVYJGNsYXNzZXNdTlNNdXRhYmxlRGF0YaMdHyBWTlNEYXRhWE5TT2JqZWN00hscIiNcTlNEaWN0aW9uYXJ5oiIgXxAPTlNLZXllZEFyY2hpdmVy0SYnVHJvb3SAAQAIABEAGgAjAC0AMgA3AEAARgBNAFUAYABnAGoAbABuAHEAcwB1AHcAhACOALsAwADIAloCXAJhAmwCdQKDAocCjgKXApwCqQKsAr4CwQLGAAAAAAAAAgEAAAAAAAAAKAAAAAAAAAAAAAAAAAAAAsg=},
	Bdsk-Url-1 = {http://link.aps.org/doi/10.1103/PhysRevB.87.094518},
	Bdsk-Url-2 = {http://dx.doi.org/10.1103/PhysRevB.87.094518}}

@article{Sengupta2001Midgap,
	Author = {Sengupta, K. and \ifmmode \check{Z}\else \v{Z}\fi{}uti\ifmmode \acute{c}\else \'{c}\fi{}, Igor and Kwon, Hyok-Jon and Yakovenko, Victor M. and Das Sarma, S.},
	Date-Added = {2016-10-25 16:51:42 +0000},
	Date-Modified = {2016-10-25 16:52:05 +0000},
	Doi = {10.1103/PhysRevB.63.144531},
	Issue = {14},
	Journal = {Phys. Rev. B},
	Month = {Mar},
	Numpages = {6},
	Pages = {144531},
	Publisher = {American Physical Society},
	Title = {Midgap edge states and pairing symmetry of quasi-one-dimensional organic superconductors},
	Url = {http://link.aps.org/doi/10.1103/PhysRevB.63.144531},
	Volume = {63},
	Year = {2001},
	Bdsk-Url-1 = {http://link.aps.org/doi/10.1103/PhysRevB.63.144531},
	Bdsk-Url-2 = {http://dx.doi.org/10.1103/PhysRevB.63.144531}}

@article{Blonder1982Transition,
	Author = {Blonder, G. E. and Tinkham, M. and Klapwijk, T. M.},
	Date-Added = {2016-10-24 23:48:56 +0000},
	Date-Modified = {2016-10-24 23:49:13 +0000},
	Doi = {10.1103/PhysRevB.25.4515},
	Issue = {7},
	Journal = {Phys. Rev. B},
	Month = {Apr},
	Numpages = {0},
	Pages = {4515--4532},
	Publisher = {American Physical Society},
	Title = {Transition from metallic to tunneling regimes in superconducting microconstrictions: Excess current, charge imbalance, and supercurrent conversion},
	Url = {http://link.aps.org/doi/10.1103/PhysRevB.25.4515},
	Volume = {25},
	Year = {1982},
	Bdsk-Url-1 = {http://link.aps.org/doi/10.1103/PhysRevB.25.4515},
	Bdsk-Url-2 = {http://dx.doi.org/10.1103/PhysRevB.25.4515}}

@article{Setiawan2015Conductance,
	Author = {Setiawan, F. and Brydon, P. M. R. and Sau, Jay D. and Das Sarma, S.},
	Date-Added = {2016-10-23 15:58:59 +0000},
	Date-Modified = {2016-10-23 15:59:15 +0000},
	Doi = {10.1103/PhysRevB.91.214513},
	Issue = {21},
	Journal = {Phys. Rev. B},
	Month = {Jun},
	Numpages = {9},
	Pages = {214513},
	Publisher = {American Physical Society},
	Title = {Conductance spectroscopy of topological superconductor wire junctions},
	Url = {http://link.aps.org/doi/10.1103/PhysRevB.91.214513},
	Volume = {91},
	Year = {2015},
	Bdsk-Url-1 = {http://link.aps.org/doi/10.1103/PhysRevB.91.214513},
	Bdsk-Url-2 = {http://dx.doi.org/10.1103/PhysRevB.91.214513}}

@article{Fulga2011Scattering,
	Author = {Fulga, I. C. and Hassler, F. and Akhmerov, A. R. and Beenakker, C. W. J.},
	Date-Added = {2016-10-23 02:07:05 +0000},
	Date-Modified = {2016-10-23 02:07:18 +0000},
	Doi = {10.1103/PhysRevB.83.155429},
	Issue = {15},
	Journal = {Phys. Rev. B},
	Month = {Apr},
	Numpages = {8},
	Pages = {155429},
	Publisher = {American Physical Society},
	Title = {Scattering formula for the topological quantum number of a disordered multimode wire},
	Url = {http://link.aps.org/doi/10.1103/PhysRevB.83.155429},
	Volume = {83},
	Year = {2011},
	Bdsk-Url-1 = {http://link.aps.org/doi/10.1103/PhysRevB.83.155429},
	Bdsk-Url-2 = {http://dx.doi.org/10.1103/PhysRevB.83.155429}}

@article{Lin2012Zero,
	Author = {Lin, Chien-Hung and Sau, Jay D. and Das Sarma, S.},
	Date-Added = {2016-10-23 02:04:03 +0000},
	Date-Modified = {2020-05-16 18:05:05 +0000},
	Doi = {10.1103/PhysRevB.86.224511},
	Issue = {22},
	Journal = {Phys. Rev. B},
	Month = {Dec},
	Numpages = {11},
	Pages = {224511},
	Publisher = {American Physical Society},
	Title = {Zero-bias conductance peak in {M}ajorana wires made of semiconductor/superconductor hybrid structures},
	Url = {http://link.aps.org/doi/10.1103/PhysRevB.86.224511},
	Volume = {86},
	Year = {2012},
	Bdsk-Url-1 = {http://link.aps.org/doi/10.1103/PhysRevB.86.224511},
	Bdsk-Url-2 = {http://dx.doi.org/10.1103/PhysRevB.86.224511}}

@article{Wimmer2011Quantum,
	Author = {Wimmer, Michael and Akhmerov, AR and Dahlhaus, JP and Beenakker, CWJ},
	Date-Added = {2016-10-23 02:02:41 +0000},
	Date-Modified = {2016-10-23 02:02:47 +0000},
	Journal = {New Journal of Physics},
	Number = {5},
	Pages = {053016},
	Publisher = {IOP Publishing},
	Title = {Quantum point contact as a probe of a topological superconductor},
	Volume = {13},
	Year = {2011}}

@article{Akhmerov2011Quantized,
	Author = {Akhmerov, A. R. and Dahlhaus, J. P. and Hassler, F. and Wimmer, M. and Beenakker, C. W. J.},
	Date-Added = {2016-10-23 02:00:09 +0000},
	Date-Modified = {2016-10-23 02:00:23 +0000},
	Doi = {10.1103/PhysRevLett.106.057001},
	Issue = {5},
	Journal = {Phys. Rev. Lett.},
	Month = {Jan},
	Numpages = {4},
	Pages = {057001},
	Publisher = {American Physical Society},
	Title = {Quantized Conductance at the Majorana Phase Transition in a Disordered Superconducting Wire},
	Url = {http://link.aps.org/doi/10.1103/PhysRevLett.106.057001},
	Volume = {106},
	Year = {2011},
	Bdsk-Url-1 = {http://link.aps.org/doi/10.1103/PhysRevLett.106.057001},
	Bdsk-Url-2 = {http://dx.doi.org/10.1103/PhysRevLett.106.057001}}

@article{Stanescu2011Majorana,
	Author = {Stanescu, Tudor D. and Lutchyn, Roman M. and Das Sarma, S.},
	Date-Added = {2016-10-23 01:55:58 +0000},
	Date-Modified = {2016-10-23 01:56:10 +0000},
	Doi = {10.1103/PhysRevB.84.144522},
	Issue = {14},
	Journal = {Phys. Rev. B},
	Month = {Oct},
	Numpages = {29},
	Pages = {144522},
	Publisher = {American Physical Society},
	Title = {Majorana fermions in semiconductor nanowires},
	Url = {http://link.aps.org/doi/10.1103/PhysRevB.84.144522},
	Volume = {84},
	Year = {2011},
	Bdsk-Url-1 = {http://link.aps.org/doi/10.1103/PhysRevB.84.144522},
	Bdsk-Url-2 = {http://dx.doi.org/10.1103/PhysRevB.84.144522}}

@article{Lutchyn2011Search,
	Author = {Lutchyn, Roman M. and Stanescu, Tudor D. and Das Sarma, S.},
	Date-Added = {2016-10-23 01:54:49 +0000},
	Date-Modified = {2020-05-16 18:14:42 +0000},
	Doi = {10.1103/PhysRevLett.106.127001},
	Issue = {12},
	Journal = {Phys. Rev. Lett.},
	Month = {Mar},
	Numpages = {4},
	Pages = {127001},
	Publisher = {American Physical Society},
	Title = {Search for {M}ajorana Fermions in Multiband Semiconducting Nanowires},
	Url = {http://link.aps.org/doi/10.1103/PhysRevLett.106.127001},
	Volume = {106},
	Year = {2011},
	Bdsk-Url-1 = {http://link.aps.org/doi/10.1103/PhysRevLett.106.127001},
	Bdsk-Url-2 = {http://dx.doi.org/10.1103/PhysRevLett.106.127001}}

@article{Prada2012Transport,
	Author = {Prada, Elsa and San-Jose, Pablo and Aguado, Ram\'on},
	Date-Added = {2016-10-23 01:47:22 +0000},
	Date-Modified = {2016-10-23 01:47:43 +0000},
	Doi = {10.1103/PhysRevB.86.180503},
	Issue = {18},
	Journal = {Phys. Rev. B},
	Month = {Nov},
	Numpages = {5},
	Pages = {180503},
	Publisher = {American Physical Society},
	Title = {Transport spectroscopy of $NS$ nanowire junctions with Majorana fermions},
	Url = {http://link.aps.org/doi/10.1103/PhysRevB.86.180503},
	Volume = {86},
	Year = {2012},
	Bdsk-Url-1 = {http://link.aps.org/doi/10.1103/PhysRevB.86.180503},
	Bdsk-Url-2 = {http://dx.doi.org/10.1103/PhysRevB.86.180503}}

@article{Rainis2013Towards,
	Author = {Rainis, Diego and Trifunovic, Luka and Klinovaja, Jelena and Loss, Daniel},
	Date-Added = {2016-10-23 01:44:56 +0000},
	Date-Modified = {2016-10-23 01:45:13 +0000},
	Doi = {10.1103/PhysRevB.87.024515},
	Issue = {2},
	Journal = {Phys. Rev. B},
	Month = {Jan},
	Numpages = {6},
	Pages = {024515},
	Publisher = {American Physical Society},
	Title = {Towards a realistic transport modeling in a superconducting nanowire with Majorana fermions},
	Url = {http://link.aps.org/doi/10.1103/PhysRevB.87.024515},
	Volume = {87},
	Year = {2013},
	Bdsk-Url-1 = {http://link.aps.org/doi/10.1103/PhysRevB.87.024515},
	Bdsk-Url-2 = {http://dx.doi.org/10.1103/PhysRevB.87.024515}}

@article{DasSarma2012Splitting,
	Author = {Das Sarma, S. and Sau, Jay D. and Stanescu, Tudor D.},
	Date-Added = {2016-10-23 01:43:25 +0000},
	Date-Modified = {2017-03-28 18:44:38 +0000},
	Doi = {10.1103/PhysRevB.86.220506},
	Issue = {22},
	Journal = {Phys. Rev. B},
	Month = {Dec},
	Numpages = {5},
	Pages = {220506},
	Publisher = {American Physical Society},
	Title = {Splitting of the zero-bias conductance peak as smoking gun evidence for the existence of the Majorana mode in a superconductor-semiconductor nanowire},
	Url = {http://link.aps.org/doi/10.1103/PhysRevB.86.220506},
	Volume = {86},
	Year = {2012},
	Bdsk-Url-1 = {http://link.aps.org/doi/10.1103/PhysRevB.86.220506},
	Bdsk-Url-2 = {http://dx.doi.org/10.1103/PhysRevB.86.220506}}

@article{Cheng2010Tunneling,
	Author = {Cheng, Meng and Lutchyn, Roman M. and Galitski, Victor and Das Sarma, S.},
	Date-Added = {2016-10-23 01:42:01 +0000},
	Date-Modified = {2016-10-23 01:42:12 +0000},
	Doi = {10.1103/PhysRevB.82.094504},
	Issue = {9},
	Journal = {Phys. Rev. B},
	Month = {Sep},
	Numpages = {11},
	Pages = {094504},
	Publisher = {American Physical Society},
	Title = {Tunneling of anyonic Majorana excitations in topological superconductors},
	Url = {http://link.aps.org/doi/10.1103/PhysRevB.82.094504},
	Volume = {82},
	Year = {2010},
	Bdsk-Url-1 = {http://link.aps.org/doi/10.1103/PhysRevB.82.094504},
	Bdsk-Url-2 = {http://dx.doi.org/10.1103/PhysRevB.82.094504}}

@article{Cheng2009Splitting,
	Author = {Cheng, Meng and Lutchyn, Roman M. and Galitski, Victor and Das Sarma, S.},
	Date-Added = {2016-10-23 01:40:53 +0000},
	Date-Modified = {2016-10-23 01:41:11 +0000},
	Doi = {10.1103/PhysRevLett.103.107001},
	Issue = {10},
	Journal = {Phys. Rev. Lett.},
	Month = {Aug},
	Numpages = {4},
	Pages = {107001},
	Publisher = {American Physical Society},
	Title = {Splitting of Majorana-Fermion Modes due to Intervortex Tunneling in a ${p}_{x}+i{p}_{y}$ Superconductor},
	Url = {http://link.aps.org/doi/10.1103/PhysRevLett.103.107001},
	Volume = {103},
	Year = {2009},
	Bdsk-Url-1 = {http://link.aps.org/doi/10.1103/PhysRevLett.103.107001},
	Bdsk-Url-2 = {http://dx.doi.org/10.1103/PhysRevLett.103.107001}}

@article{Pikulin2012Zero,
	Author = {Pikulin, DI and Dahlhaus, JP and Wimmer, M and Schomerus, Henning and Beenakker, CWJ},
	Date-Added = {2016-10-23 01:27:02 +0000},
	Date-Modified = {2017-04-06 16:56:44 +0000},
	Journal = {New J. Phys.},
	Number = {12},
	Pages = {125011},
	Publisher = {IOP Publishing},
	Title = {A zero-voltage conductance peak from weak antilocalization in a Majorana nanowire},
	Url = {http://iopscience.iop.org/article/10.1088/1367-2630/14/12/125011/meta},
	Volume = {14},
	Year = {2012},
	Bdsk-Url-1 = {http://iopscience.iop.org/article/10.1088/1367-2630/14/12/125011/meta}}

@article{Bagrets2012Class,
	Author = {Bagrets, Dmitry and Altland, Alexander},
	Date-Added = {2016-10-23 01:15:34 +0000},
	Date-Modified = {2016-10-23 01:15:48 +0000},
	Doi = {10.1103/PhysRevLett.109.227005},
	Issue = {22},
	Journal = {Phys. Rev. Lett.},
	Month = {Nov},
	Numpages = {5},
	Pages = {227005},
	Publisher = {American Physical Society},
	Title = {Class $D$ Spectral Peak in Majorana Quantum Wires},
	Url = {http://link.aps.org/doi/10.1103/PhysRevLett.109.227005},
	Volume = {109},
	Year = {2012},
	Bdsk-Url-1 = {http://link.aps.org/doi/10.1103/PhysRevLett.109.227005},
	Bdsk-Url-2 = {http://dx.doi.org/10.1103/PhysRevLett.109.227005}}

@article{Law2009Majorana,
	Author = {Law, K. T. and Lee, Patrick A. and Ng, T. K.},
	Date-Added = {2016-10-23 01:14:17 +0000},
	Date-Modified = {2016-10-23 01:14:27 +0000},
	Doi = {10.1103/PhysRevLett.103.237001},
	Issue = {23},
	Journal = {Phys. Rev. Lett.},
	Month = {Dec},
	Numpages = {4},
	Pages = {237001},
	Publisher = {American Physical Society},
	Title = {Majorana Fermion Induced Resonant Andreev Reflection},
	Url = {http://link.aps.org/doi/10.1103/PhysRevLett.103.237001},
	Volume = {103},
	Year = {2009},
	Bdsk-Url-1 = {http://link.aps.org/doi/10.1103/PhysRevLett.103.237001},
	Bdsk-Url-2 = {http://dx.doi.org/10.1103/PhysRevLett.103.237001}}

@article{Sau2010NonAbelian,
	Author = {Sau, Jay D. and Tewari, Sumanta and Lutchyn, Roman M. and Stanescu, Tudor D. and Das Sarma, S.},
	Date-Added = {2016-10-23 00:51:17 +0000},
	Date-Modified = {2020-05-16 18:20:47 +0000},
	Doi = {10.1103/PhysRevB.82.214509},
	Issue = {21},
	Journal = {Phys. Rev. B},
	Month = {Dec},
	Numpages = {26},
	Pages = {214509},
	Publisher = {American Physical Society},
	Title = {Non-{A}belian quantum order in spin-orbit-coupled semiconductors: Search for topological {M}ajorana particles in solid-state systems},
	Url = {http://link.aps.org/doi/10.1103/PhysRevB.82.214509},
	Volume = {82},
	Year = {2010},
	Bdsk-Url-1 = {http://link.aps.org/doi/10.1103/PhysRevB.82.214509},
	Bdsk-Url-2 = {http://dx.doi.org/10.1103/PhysRevB.82.214509}}

@article{Oreg2010Helical,
	Author = {Oreg, Yuval and Refael, Gil and von Oppen, Felix},
	Date-Added = {2016-10-23 00:49:16 +0000},
	Date-Modified = {2020-05-16 17:55:48 +0000},
	Doi = {10.1103/PhysRevLett.105.177002},
	Issue = {17},
	Journal = {Phys. Rev. Lett.},
	Month = {Oct},
	Numpages = {4},
	Pages = {177002},
	Publisher = {American Physical Society},
	Title = {Helical Liquids and {M}ajorana Bound States in Quantum Wires},
	Url = {http://link.aps.org/doi/10.1103/PhysRevLett.105.177002},
	Volume = {105},
	Year = {2010},
	Bdsk-Url-1 = {http://link.aps.org/doi/10.1103/PhysRevLett.105.177002},
	Bdsk-Url-2 = {http://dx.doi.org/10.1103/PhysRevLett.105.177002}}

@article{Stanescu2013Majorana,
	Author = {Stanescu, Tudor D and Tewari, Sumanta},
	Date-Added = {2016-10-23 00:44:58 +0000},
	Date-Modified = {2017-04-05 20:24:19 +0000},
	Journal = {J. Phys.: Condens. Matter},
	Number = {23},
	Pages = {233201},
	Publisher = {IOP Publishing},
	Title = {Majorana fermions in semiconductor nanowires: fundamentals, modeling, and experiment},
	Url = {http://iopscience.iop.org/article/10.1088/0953-8984/25/23/233201/meta},
	Volume = {25},
	Year = {2013},
	Bdsk-Url-1 = {http://iopscience.iop.org/article/10.1088/0953-8984/25/23/233201/meta}}

@article{DasSarma2015Majorana,
	Author = {Sarma, Sankar Das and Freedman, Michael and Nayak, Chetan},
	Date = {2015/10/27/online},
	Date-Added = {2016-10-23 00:40:14 +0000},
	Date-Modified = {2017-03-28 18:44:58 +0000},
	Day = {27},
	Journal = {Npj Quantum Information},
	L3 = {10.1038/npjqi.2015.1;},
	M3 = {Review Article},
	Month = {10},
	Pages = {15001 EP -},
	Publisher = {University of New South Wales/Macmillan Publishers Limited SN -},
	Title = {Majorana zero modes and topological quantum computation},
	Ty = {JOUR},
	Url = {http://dx.doi.org/10.1038/npjqi.2015.1},
	Volume = {1},
	Year = {2015},
	Bdsk-Url-1 = {http://dx.doi.org/10.1038/npjqi.2015.1}}

@article{Das2012Zero,
	Author = {Das, Anindya and Ronen, Yuval and Most, Yonatan and Oreg, Yuval and Heiblum, Moty and Shtrikman, Hadas},
	Date-Added = {2016-10-23 00:20:23 +0000},
	Date-Modified = {2020-05-16 17:58:15 +0000},
	Isbn = {1745-2473},
	Journal = {Nat. Phys.},
	Month = {12},
	Number = {12},
	Pages = {887--895},
	Publisher = {Nature Publishing Group},
	Title = {Zero-bias peaks and splitting in an {A}l-{I}n{A}s nanowire topological superconductor as a signature of {M}ajorana fermions},
	Url = {http://dx.doi.org/10.1038/nphys2479},
	Volume = {8},
	Year = {2012},
	Bdsk-Url-1 = {http://dx.doi.org/10.1038/nphys2479}}

@article{Deng2012Anomalous,
	Author = {Deng, M. T. and Yu, C. L. and Huang, G. Y. and Larsson, M. and Caroff, P. and Xu, H. Q.},
	Date-Added = {2016-10-23 00:19:08 +0000},
	Date-Modified = {2020-05-16 17:59:03 +0000},
	Doi = {10.1021/nl303758w},
	Journal = {Nano Lett.},
	Number = {12},
	Pages = {6414-6419},
	Title = {Anomalous Zero-Bias Conductance Peak in a {N}b-{I}n{S}b Nanowire-{N}b Hybrid Device},
	Url = {http://dx.doi.org/10.1021/nl303758w},
	Volume = {12},
	Year = {2012},
	Bdsk-Url-1 = {http://dx.doi.org/10.1021/nl303758w}}

@article{Albrecht2016Exponential,
	Author = {Albrecht, SM and Higginbotham, AP and Madsen, M and Kuemmeth, F and Jespersen, TS and Nyg{\aa}rd, Jesper and Krogstrup, P and Marcus, CM},
	Date-Added = {2016-10-23 00:06:06 +0000},
	Date-Modified = {2020-05-16 17:59:58 +0000},
	Journal = {Nature},
	Number = {7593},
	Pages = {206--209},
	Publisher = {Nature Publishing Group},
	Title = {Exponential protection of zero modes in {M}ajorana islands},
	Url = {http://dx.doi.org/10.1038/nature17162},
	Volume = {531},
	Year = {2016},
	Bdsk-Url-1 = {http://dx.doi.org/10.1038/nature17162}}

@article{Finck2013Anomalous,
	Author = {Finck, A. D. K. and Van Harlingen, D. J. and Mohseni, P. K. and Jung, K. and Li, X.},
	Date-Added = {2016-10-23 00:03:37 +0000},
	Date-Modified = {2016-10-23 00:03:50 +0000},
	Doi = {10.1103/PhysRevLett.110.126406},
	Issue = {12},
	Journal = {Phys. Rev. Lett.},
	Month = {Mar},
	Numpages = {5},
	Pages = {126406},
	Publisher = {American Physical Society},
	Title = {Anomalous Modulation of a Zero-Bias Peak in a Hybrid Nanowire-Superconductor Device},
	Url = {http://link.aps.org/doi/10.1103/PhysRevLett.110.126406},
	Volume = {110},
	Year = {2013},
	Bdsk-Url-1 = {http://link.aps.org/doi/10.1103/PhysRevLett.110.126406},
	Bdsk-Url-2 = {http://dx.doi.org/10.1103/PhysRevLett.110.126406}}

@article{Churchill2013Superconductor,
	Author = {Churchill, H. O. H. and Fatemi, V. and Grove-Rasmussen, K. and Deng, M. T. and Caroff, P. and Xu, H. Q. and Marcus, C. M.},
	Date-Added = {2016-10-23 00:02:21 +0000},
	Date-Modified = {2020-11-18 22:10:31 +0000},
	Doi = {10.1103/PhysRevB.87.241401},
	Issue = {24},
	Journal = {Phys. Rev. B},
	Month = {Jun},
	Numpages = {6},
	Pages = {241401(R)},
	Publisher = {American Physical Society},
	Title = {Superconductor-nanowire devices from tunneling to the multichannel regime: Zero-bias oscillations and magnetoconductance crossover},
	Url = {http://link.aps.org/doi/10.1103/PhysRevB.87.241401},
	Volume = {87},
	Year = {2013},
	Bdsk-Url-1 = {http://link.aps.org/doi/10.1103/PhysRevB.87.241401},
	Bdsk-Url-2 = {http://dx.doi.org/10.1103/PhysRevB.87.241401}}

@article{Mourik2012Signatures,
	Abstract = {Majorana fermions are particles identical to their own antiparticles. They have been theoretically predicted to exist in topological superconductors. Here, we report electrical measurements on indium antimonide nanowires contacted with one normal (gold) and one superconducting (niobium titanium nitride) electrode. Gate voltages vary electron density and define a tunnel barrier between normal and superconducting contacts. In the presence of magnetic fields on the order of 100 millitesla, we observe bound, midgap states at zero bias voltage. These bound states remain fixed to zero bias, even when magnetic fields and gate voltages are changed over considerable ranges. Our observations support the hypothesis of Majorana fermions in nanowires coupled to superconductors.},
	Author = {Mourik, V. and Zuo, K. and Frolov, S. M. and Plissard, S.R. and Bakkers, E. P. A. M. and Kouwenhoven, L. P.},
	Date-Added = {2016-10-22 23:08:33 +0000},
	Date-Modified = {2020-05-16 17:57:14 +0000},
	Doi = {10.1126/science.1222360},
	Issn = {0036-8075},
	Journal = {Science},
	Number = {6084},
	Pages = {1003--1007},
	Publisher = {American Association for the Advancement of Science},
	Title = {Signatures of {M}ajorana Fermions in Hybrid Superconductor-Semiconductor Nanowire Devices},
	Url = {http://science.sciencemag.org/content/336/6084/1003},
	Volume = {336},
	Year = {2012},
	Bdsk-Url-1 = {http://science.sciencemag.org/content/336/6084/1003},
	Bdsk-Url-2 = {http://dx.doi.org/10.1126/science.1222360}}

@book{Schrieffer1963Theory,
	Author = {Schrieffer, John Robert},
	Date-Added = {2016-10-14 19:21:38 +0000},
	Date-Modified = {2017-02-07 14:39:58 +0000},
	Journal = {Theory of superconductivity},
	Publisher = {Perseus Books, Reading, Massachusetts},
	Title = {Theory of superconductivity},
	Year = {1999}}

@article{Zhang2016Ballistic,
	Author = {Zhang, Hao and G{\"u}l, {\"O}nder and Conesa-Boj, Sonia and Zuo, Kun and Mourik, Vincent and de Vries, Folkert K and van Veen, Jasper and van Woerkom, David J and Nowak, Micha{\l} P and Wimmer, Michael and others},
	Journal = {arXiv:1603.04069},
	Title = {Ballistic Majorana nanowire devices},
	Year = {2016}}

@article{DasSarma2016How,
	Author = {Das Sarma, S. and Nag, Amit and Sau, Jay D.},
	Date-Added = {2016-10-13 16:21:01 +0000},
	Date-Modified = {2016-10-22 23:13:16 +0000},
	Doi = {10.1103/PhysRevB.94.035143},
	Issue = {3},
	Journal = {Phys. Rev. B},
	Month = {Jul},
	Numpages = {17},
	Pages = {035143},
	Publisher = {American Physical Society},
	Title = {How to infer non-Abelian statistics and topological visibility from tunneling conductance properties of realistic Majorana nanowires},
	Url = {http://link.aps.org/doi/10.1103/PhysRevB.94.035143},
	Volume = {94},
	Year = {2016},
	Bdsk-Url-1 = {http://link.aps.org/doi/10.1103/PhysRevB.94.035143},
	Bdsk-Url-2 = {http://dx.doi.org/10.1103/PhysRevB.94.035143}}

@article{Bauriedl1981Electron,
	Author = {Bauriedl, W. and Ziemann, P. and Buckel, W.},
	Date-Added = {2016-10-03 18:48:37 +0000},
	Date-Modified = {2016-10-03 18:49:03 +0000},
	Doi = {10.1103/PhysRevLett.47.1163},
	Issue = {16},
	Journal = {Phys. Rev. Lett.},
	Month = {Oct},
	Numpages = {0},
	Pages = {1163--1165},
	Publisher = {American Physical Society},
	Title = {Electron-Tunneling Observation of Impurity Bands in Superconducting Manganese-Implanted Lead},
	Url = {http://link.aps.org/doi/10.1103/PhysRevLett.47.1163},
	Volume = {47},
	Year = {1981},
	Bdsk-Url-1 = {http://link.aps.org/doi/10.1103/PhysRevLett.47.1163},
	Bdsk-Url-2 = {http://dx.doi.org/10.1103/PhysRevLett.47.1163}}

@article{Martin2014Noneq,
	Author = {Martin, Ivar and Mozyrsky, Dmitry},
	Date-Added = {2016-10-03 18:43:34 +0000},
	Date-Modified = {2016-10-03 18:44:09 +0000},
	Doi = {10.1103/PhysRevB.90.100508},
	Issue = {10},
	Journal = {Phys. Rev. B},
	Month = {Sep},
	Numpages = {5},
	Pages = {100508},
	Publisher = {American Physical Society},
	Title = {Nonequilibrium theory of tunneling into a localized state in a superconductor},
	Url = {http://link.aps.org/doi/10.1103/PhysRevB.90.100508},
	Volume = {90},
	Year = {2014},
	Bdsk-Url-1 = {http://link.aps.org/doi/10.1103/PhysRevB.90.100508},
	Bdsk-Url-2 = {http://dx.doi.org/10.1103/PhysRevB.90.100508}}

@article{Yazdani1997Probing,
	Abstract = {The local effects of isolated magnetic adatoms on the electronic properties of the surface of a superconductor were studied with a low-temperature scanning tunneling microscope. Tunneling spectra obtained near magnetic adsorbates reveal the presence of excitations within the superconductor{\textquoteright}s energy gap that can be detected over a few atomic diameters around the impurity at the surface. These excitations are locally asymmetric with respect to tunneling of electrons and holes. A model calculation based on the Bogoliubov-de Gennes equations can be used to understand the details of the local tunneling spectra.},
	Author = {Yazdani, Ali and Jones, B. A. and Lutz, C. P. and Crommie, M. F. and Eigler, D. M.},
	Date-Added = {2016-09-19 02:51:44 +0000},
	Date-Modified = {2016-10-22 23:13:54 +0000},
	Doi = {10.1126/science.275.5307.1767},
	Issn = {0036-8075},
	Journal = {Science},
	Number = {5307},
	Pages = {1767--1770},
	Publisher = {American Association for the Advancement of Science},
	Title = {Probing the Local Effects of Magnetic Impurities on Superconductivity},
	Url = {http://science.sciencemag.org/content/275/5307/1767},
	Volume = {275},
	Year = {1997},
	Bdsk-Url-1 = {http://science.sciencemag.org/content/275/5307/1767},
	Bdsk-Url-2 = {http://dx.doi.org/10.1126/science.275.5307.1767}}

@article{Kitaev2001Unpaired,
	Author = {Kitaev, A Yu},
	Date-Added = {2016-09-17 20:47:03 +0000},
	Date-Modified = {2016-10-22 23:14:22 +0000},
	Journal = {Physics-Uspekhi},
	Number = {10S},
	Pages = {131},
	Publisher = {IOP Publishing},
	Title = {Unpaired Majorana fermions in quantum wires},
	Volume = {44},
	Year = {2001}}

@article{Lutchyn2010Majorana,
	Author = {Lutchyn, Roman M. and Sau, Jay D. and Das Sarma, S.},
	Date-Added = {2016-09-17 14:39:52 +0000},
	Date-Modified = {2016-10-22 23:13:33 +0000},
	Doi = {10.1103/PhysRevLett.105.077001},
	Issue = {7},
	Journal = {Phys. Rev. Lett.},
	Month = {Aug},
	Numpages = {4},
	Pages = {077001},
	Publisher = {American Physical Society},
	Title = {Majorana Fermions and a Topological Phase Transition in Semiconductor-Superconductor Heterostructures},
	Url = {http://link.aps.org/doi/10.1103/PhysRevLett.105.077001},
	Volume = {105},
	Year = {2010},
	Bdsk-Url-1 = {http://link.aps.org/doi/10.1103/PhysRevLett.105.077001},
	Bdsk-Url-2 = {http://dx.doi.org/10.1103/PhysRevLett.105.077001}}

@article{Beenakker1992Transport,
	Author = {Beenakker, C. W. J.},
	Doi = {10.1103/PhysRevB.46.12841},
	Issue = {19},
	Journal = {Phys. Rev. B},
	Month = {Nov},
	Numpages = {0},
	Pages = {12841--12844},
	Publisher = {American Physical Society},
	Title = {Quantum transport in semiconductor-superconductor microjunctions},
	Url = {https://link.aps.org/doi/10.1103/PhysRevB.46.12841},
	Volume = {46},
	Year = {1992},
	Bdsk-Url-1 = {https://link.aps.org/doi/10.1103/PhysRevB.46.12841},
	Bdsk-Url-2 = {http://dx.doi.org/10.1103/PhysRevB.46.12841}}

@article{kwant,
	Author = {Groth, Christoph W and Wimmer, Michael and Akhmerov, Anton R and Waintal, Xavier},
	Journal = {New Journal of Physics},
	Number = {6},
	Pages = {063065},
	Publisher = {IOP Publishing},
	Title = {Kwant: a software package for quantum transport},
	Volume = {16},
	Year = {2014}}

@article{Setiawan2017Electron,
	Author = {Setiawan, F. and Liu, Chun-Xiao and Sau, Jay D. and Das Sarma, S.},
	Doi = {10.1103/PhysRevB.96.184520},
	Issue = {18},
	Journal = {Phys. Rev. B},
	Month = {Nov},
	Numpages = {19},
	Pages = {184520},
	Publisher = {American Physical Society},
	Title = {Electron temperature and tunnel coupling dependence of zero-bias and almost-zero-bias conductance peaks in Majorana nanowires},
	Url = {https://link.aps.org/doi/10.1103/PhysRevB.96.184520},
	Volume = {96},
	Year = {2017},
	Bdsk-Url-1 = {https://link.aps.org/doi/10.1103/PhysRevB.96.184520},
	Bdsk-Url-2 = {http://dx.doi.org/10.1103/PhysRevB.96.184520}}

@article{Liu2017Phenomenology,
	Author = {Liu, Chun-Xiao and Setiawan, F. and Sau, Jay D. and Das Sarma, S.},
	Doi = {10.1103/PhysRevB.96.054520},
	Issue = {5},
	Journal = {Phys. Rev. B},
	Month = {Aug},
	Numpages = {18},
	Pages = {054520},
	Publisher = {American Physical Society},
	Title = {Phenomenology of the soft gap, zero-bias peak, and zero-mode splitting in ideal Majorana nanowires},
	Url = {https://link.aps.org/doi/10.1103/PhysRevB.96.054520},
	Volume = {96},
	Year = {2017},
	Bdsk-Url-1 = {https://link.aps.org/doi/10.1103/PhysRevB.96.054520},
	Bdsk-Url-2 = {http://dx.doi.org/10.1103/PhysRevB.96.054520}}

@article{Kammhuber2016Conductance,
	Author = {Kammhuber, Jakob and Cassidy, Maja C. and Zhang, Hao and G{\"u}l, {\"O}nder and Pei, Fei and de Moor, Michiel W. A. and Nijholt, Bas and Watanabe, Kenji and Taniguchi, Takashi and Car, Diana and Plissard, S{\'e}bastien R. and Bakkers, Erik P. A. M. and Kouwenhoven, Leo P.},
	Journal = {Nano Letters},
	Number = {6},
	Pages = {3482-3486},
	Title = {Conductance Quantization at Zero Magnetic Field in InSb Nanowires},
	Url = {https://doi.org/10.1021/acs.nanolett.6b00051},
	Volume = {16},
	Year = {2016},
	Bdsk-Url-1 = {https://doi.org/10.1021/acs.nanolett.6b00051}}

@article{Kammhuber2017Conductance,
	Author = {Kammhuber, Jakob and Cassidy, Maja C. and Pei, Fei and Nowak, M. P. and Vuik, A. and G{\"u}l, {\"O}nder and Car, Diana and Plissard, S{\'e}bastien R. and Bakkers, Erik P. A. M. and Kouwenhoven, Leo P.},
	Day = {1},
	Issn = {2041-1723},
	Journal = {Nat. Comm.},
	Month = {12},
	Number = {1},
	Publisher = {Nature Publishing Group},
	Title = {Conductance through a helical state in an Indium antimonide nanowire},
	Url = {https://www.nature.com/articles/s41467-017-00315-y},
	Volume = {8},
	Year = {2017},
	Bdsk-Url-1 = {https://www.nature.com/articles/s41467-017-00315-y}}

@inproceedings{bonderson2015symmetry,
	Author = {Bonderson, Parsa and Barkeshli, Maissam and Cheng, Meng and Wang, Zhenghan},
	Booktitle = {APS March Meeting Abstracts},
	Title = {Symmetry, Defects, and Gauging of Topological Phases},
	Year = {2015}}

@article{DasSarma2006Topological,
	Author = {Sarma, Sankar Das and Freedman, Michael and Nayak, Chetan},
	Date-Modified = {2018-10-06 10:05:40 +0000},
	Journal = {Physics Today},
	Number = {7},
	Pages = {32--38},
	Title = {Topological quantum computation},
	Volume = {59},
	Year = {2006}}

@article{avignone2008double,
	Author = {Avignone III, Frank T and Elliott, Steven R and Engel, Jonathan},
	Journal = {Reviews of Modern Physics},
	Number = {2},
	Pages = {481},
	Publisher = {APS},
	Title = {Double beta decay, Majorana neutrinos, and neutrino mass},
	Volume = {80},
	Year = {2008}}

@article{PhysRevB.61.10267,
	Author = {Read, N. and Green, Dmitry},
	Doi = {10.1103/PhysRevB.61.10267},
	Issue = {15},
	Journal = {Phys. Rev. B},
	Month = {Apr},
	Numpages = {0},
	Pages = {10267--10297},
	Publisher = {American Physical Society},
	Title = {Paired states of fermions in two dimensions with breaking of parity and time-reversal symmetries and the fractional quantum Hall effect},
	Url = {https://link.aps.org/doi/10.1103/PhysRevB.61.10267},
	Volume = {61},
	Year = {2000},
	Bdsk-Url-1 = {https://link.aps.org/doi/10.1103/PhysRevB.61.10267},
	Bdsk-Url-2 = {http://dx.doi.org/10.1103/PhysRevB.61.10267}}

@article{stern2008anyons,
	Author = {Stern, Ady},
	Journal = {Annals of Physics},
	Number = {1},
	Pages = {204--249},
	Publisher = {Elsevier},
	Title = {Anyons and the quantum Hall effect梐 pedagogical review},
	Volume = {323},
	Year = {2008}}

@article{RevModPhys.82.3045,
	Author = {Hasan, M. Z. and Kane, C. L.},
	Doi = {10.1103/RevModPhys.82.3045},
	Issue = {4},
	Journal = {Rev. Mod. Phys.},
	Month = {Nov},
	Numpages = {0},
	Pages = {3045--3067},
	Publisher = {American Physical Society},
	Title = {Colloquium: Topological insulators},
	Url = {https://link.aps.org/doi/10.1103/RevModPhys.82.3045},
	Volume = {82},
	Year = {2010},
	Bdsk-Url-1 = {https://link.aps.org/doi/10.1103/RevModPhys.82.3045},
	Bdsk-Url-2 = {http://dx.doi.org/10.1103/RevModPhys.82.3045}}

@article{RevModPhys.83.1057,
	Author = {Qi, Xiao-Liang and Zhang, Shou-Cheng},
	Doi = {10.1103/RevModPhys.83.1057},
	Issue = {4},
	Journal = {Rev. Mod. Phys.},
	Month = {Oct},
	Numpages = {0},
	Pages = {1057--1110},
	Publisher = {American Physical Society},
	Title = {Topological insulators and superconductors},
	Url = {https://link.aps.org/doi/10.1103/RevModPhys.83.1057},
	Volume = {83},
	Year = {2011},
	Bdsk-Url-1 = {https://link.aps.org/doi/10.1103/RevModPhys.83.1057},
	Bdsk-Url-2 = {http://dx.doi.org/10.1103/RevModPhys.83.1057}}

@article{PhysRevB.84.144522,
	Author = {Stanescu, Tudor D. and Lutchyn, Roman M. and Das Sarma, S.},
	Doi = {10.1103/PhysRevB.84.144522},
	Issue = {14},
	Journal = {Phys. Rev. B},
	Month = {Oct},
	Numpages = {29},
	Pages = {144522},
	Publisher = {American Physical Society},
	Title = {Majorana fermions in semiconductor nanowires},
	Url = {https://link.aps.org/doi/10.1103/PhysRevB.84.144522},
	Volume = {84},
	Year = {2011},
	Bdsk-Url-1 = {https://link.aps.org/doi/10.1103/PhysRevB.84.144522},
	Bdsk-Url-2 = {http://dx.doi.org/10.1103/PhysRevB.84.144522}}

@article{Jiang2013Non,
	Author = {Jiang, Jian-Hua and Wu, Si},
	Date-Modified = {2020-05-16 18:18:48 +0000},
	Journal = {J. Phys.: Condens. Matter},
	Number = {5},
	Pages = {055701},
	Publisher = {IOP Publishing},
	Title = {Non-{A}belian topological superconductors from topological semimetals and related systems under the superconducting proximity effect},
	Url = {http://iopscience.iop.org/article/10.1088/0953-8984/25/5/055701/meta},
	Volume = {25},
	Year = {2013},
	Bdsk-Url-1 = {http://iopscience.iop.org/article/10.1088/0953-8984/25/5/055701/meta}}

@article{moore1991nonabelions,
	Author = {Moore, Gregory and Read, Nicholas},
	Journal = {Nuclear Physics B},
	Number = {2-3},
	Pages = {362--396},
	Publisher = {Elsevier},
	Title = {Nonabelions in the fractional quantum Hall effect},
	Volume = {360},
	Year = {1991}}

@article{Nadj-Perge14,
	Archiveprefix = {arXiv},
	Author = {{Nadj-Perge}, S. and {Drozdov}, I.~K. and {Li}, J. and {Chen}, H. and {Jeon}, S. and {Seo}, J. and {MacDonald}, A.~H. and {Bernevig}, B.~A. and {Yazdani}, A.},
	Doi = {10.1126/science.1259327},
	Eprint = {1410.0682},
	Journal = {Science},
	Month = oct,
	Pages = {602-607},
	Title = {{Observation of Majorana fermions in ferromagnetic atomic chains on a superconductor}},
	Volume = {346},
	Year = 2014,
	Bdsk-Url-1 = {http://dx.doi.org/10.1126/science.1259327}}

@article{ZhangNature2018,
	Author = {Zhang, Hao and Liu, Chun-Xiao and Gazibegovic, Sasa and Xu, Di and Logan, John A. and Wang, Guanzhong and van Loo, Nick and Bommer, Jouri D. S. and de Moor, Michiel W. A. and Car, Diana and Op het Veld, Roy L. M. and van Veldhoven, Petrus J. and Koelling, Sebastian and Verheijen, Marcel A. and Pendharkar, Mihir and Pennachio, Daniel J. and Shojaei, Borzoyeh and Lee, Joon Sue and Palmstr{\o}m, Chris J. and Bakkers, Erik P. A. M. and Sarma, S. Das and Kouwenhoven, Leo P.},
	Journal = {Nature},
	Pages = {74-79},
	Title = {Quantized Majorana conductance},
	Url = {https://doi.org/10.1038/nature26142},
	Volume = {556},
	Year = {2018},
	Bdsk-Url-1 = {https://doi.org/10.1038/nature26142}}

@article{KitaevTQC97,
	Author = {A.Yu. Kitaev},
	Doi = {https://doi.org/10.1016/S0003-4916(02)00018-0},
	Issn = {0003-4916},
	Journal = {Annals of Physics},
	Note = {arXiv:quant-ph/9707021},
	Number = {1},
	Pages = {2 - 30},
	Title = {Fault-tolerant quantum computation by anyons},
	Url = {http://www.sciencedirect.com/science/article/pii/S0003491602000180},
	Volume = {303},
	Year = {2003},
	Bdsk-Url-1 = {http://www.sciencedirect.com/science/article/pii/S0003491602000180},
	Bdsk-Url-2 = {https://doi.org/10.1016/S0003-4916(02)00018-0}}

@article{ScalableDesignMajorana,
	Author = {Karzig, Torsten and Knapp, Christina and Lutchyn, Roman M. and Bonderson, Parsa and Hastings, Matthew B. and Nayak, Chetan and Alicea, Jason and Flensberg, Karsten and Plugge, Stephan and Oreg, Yuval and Marcus, Charles M. and Freedman, Michael H.},
	Doi = {10.1103/PhysRevB.95.235305},
	Issue = {23},
	Journal = {Phys. Rev. B},
	Month = {Jun},
	Numpages = {32},
	Pages = {235305},
	Publisher = {American Physical Society},
	Title = {Scalable designs for quasiparticle-poisoning-protected topological quantum computation with Majorana zero modes},
	Url = {https://link.aps.org/doi/10.1103/PhysRevB.95.235305},
	Volume = {95},
	Year = {2017},
	Bdsk-Url-1 = {https://link.aps.org/doi/10.1103/PhysRevB.95.235305},
	Bdsk-Url-2 = {http://dx.doi.org/10.1103/PhysRevB.95.235305}}

@unpublished{Poyhonen2020,
	Author = {P\"oyh\"onen \emph{et al.}},
	Note = {{in preparation}}}
